3300 5175
768 581 869 650 90

1298 557 1373 624 C.
1432 557 1776 623 PLINII
1832 557 2056 626 NAT.
2116 557 2375 627 HIST.

767 704 1001 786 portus
1054 689 1399 775 Baiarum,
1456 689 1688 776 Bauli,
1743 687 1924 775 lacus
1981 675 2348 760 Lucrinus⁶
2404 705 2472 758 et
2524 693 2828 760 Avernus
2853 691 2906 776 ⁷,

761 798 951 890 juxta
1012 819 1208 889 quem
1266 797 1701 864 Cimmerium
1760 797 2082 892 oppidum
2137 796 2492 891 quondam.
2549 799 2724 865 Dein
2779 799 2910 865 Pu-

767 889 989 989 teoli⁸,
1030 900 1289 972 colonia
1326 903 1738 972 Dicaearchia
1773 903 1934 972 dicti
1967 930 1982 972 x
2013 920 2296 999 postque
2336 901 2701 998 Phlegraei⁹
2729 927 2909 972 cam-

770 1011 872 1103 pi,
914 1007 1341 1078 Acherusia¹⁰
1383 1007 1571 1102 palus
1614 1011 1873 1078 Cumis,
1895 1011 2128 1080 vicina.
2179 1011 2435 1080 Littore
2476 1026 2698 1079 autem
2735 1009 2907 1079 Nea·

770 1113 939 1210 polis
994 1113 1529 1184 Chalcidensium
1560 1114 1604 1140 ¹¹
1661 1129 1729 1184 et
1781 1118 1963 1211 ipsa,
2015 1117 2436 1212 Parthenope
2493 1115 2596 1185 a¹²
2651 1115 2911 1186 tumulo

772 1299 927 1352 Bauli
952 1299 1145 1353 retinet
1168 1316 1367 1352 nomen
1392 1315 1406 1351 :
1434 1297 1588 1351 Bauli
1614 1311 1670 1353 et
1697 1299 1799 1352 Ba-

773 1380 909 1450 gola.
962 1377 1235 1432 Hortensii
1281 1378 1407 1431 villa
1446 1398 1564 1450 qum
1608 1390 1687 1432 est
1729 1379 1797 1433 ad

772 1458 964 1512 Baulos
984 1497 999 1523 ,
1052 1458 1229 1529 inquit
1276 1458 1465 1511 Cicero
1487 1496 1502 1524 ,
1546 1459 1640 1512 lib.
1695 1459 1797 1525 IV,

774 1537 937 1591 Acad.
970 1557 1090 1609 pag.
1124 1541 1218 1592 28.
1240 1537 1419 1590 Ham).

858 1622 911 1671 6.
942 1619 1191 1671 Lucrinus.
1246 1618 1373 1671 Fuit
1418 1635 1585 1689 prope
1626 1637 1798 1671 reces-

774 1713 889 1750 sum
904 1698 1156 1750 intimum
1168 1699 1317 1750 sinus
1330 1697 1623 1752 Puteolani.
1638 1699 1798 1752 Nunc

775 1777 854 1829 est
883 1777 1035 1848 palus
1070 1777 1266 1842 lutosa,
1298 1795 1425 1830 cum
1456 1776 1795 1832 arundineto.

774 1857 923 1910 Olim
935 1859 1148 1910 Averno
1156 1860 1623 1928 conjuncms,tunc
1630 1875 1799 1928 quum

774 1948 963 2006 portus
995 1948 1129 1989 esset
1144 1976 1160 2002 ‚
1187 1937 1359 2007 qualis
1386 1955 1417 1988 a
1444 1936 1676 2008 Virgilio
1704 1936 1798 1990 ‹le-

775 2015 1055 2082 scribitur,
1095 2016 1289 2088 Georg.
1319 2017 1461 2069 libro
1504 2017 1563 2068 11
1580 2055 1595 2081 ,
1641 2033 1801 2069 versu

778 2095 851 2148 36
864 2113 914 2149 1:
936 2098 1055 2148 «An
1074 2115 1363 2149 memorem
1384 2109 1589 2168 por-tue,
1608 2095 1799 2148 Lucri·

774 2193 953 2246 noque
977 2173 1161 2229 addita
1180 2176 1435 2239 claustra,
1458 2176 1634 2244 Atque
1657 2175 1801 2228 indi-

772 2267 995 2324 gnatum
1022 2255 1227 2324 magnis
1253 2253 1571 2308 stridoribus
1593 2273 1801 2325 oequor5

775 2333 919 2386 Julia
948 2351 1054 2405 qua
1088 2346 1257 2404 ponto
1290 2334 1447 2404 longe
1482 2345 1631 2386 sonat
1656 2331 1803 2386 unda

774 2414 952 2466 refuso
963 2449 980 2476 ‚
996 2414 1419 2484 Tyrrhenusque
1441 2413 1586 2466 fretis
1601 2413 1800 2467 immit-

777 2493 909 2545 titur
938 2504 1090 2545 aestus
1117 2492 1377 2546 Avernis?
1402 2518 1424 2540 n
1446 2493 1625 2546 Hann.

860 2590 913 2642 7.
947 2570 1002 2625 A
1006 2592 1186 2625 veram.
1216 2575 1387 2626 Antro
1410 2571 1626 2645 Sibyllae
1665 2571 1801 2625 cele·

699 2650 705 2660 '
780 2652 1137 2705 bratissimus:
1157 2651 1321 2705 hodie
1349 2654 1491 2723 Lago
1516 2654 1555 2704 d
1560 2653 1630 2704 'A
1634 2670 1771 2705 verno
1786 2693 1801 2718 ,

780 2744 835 2783 et
852 2732 992 2801 Lago
1015 2730 1071 2783 di
1092 2723 1394 2803 Tripergula.
1412 2733 1547 2797 Quae
1570 2731 1639 2785 de
1661 2732 1804 2785 Cim-

783 2810 965 2865 meriis
1009 2810 1115 2865 hoc
1155 2824 1417 2865 terrarum
1462 2820 1634 2865 tractu
1685 2825 1805 2865 sunt

778 2892 909 2943 olim
928 2888 1145 2963 prodita
1160 2931 1175 2955 ‚
1192 2890 1386 2943 sabulis
1402 2904 1639 2944 accenset
1659 2890 1802 2945 Stra·-

776 2972 876 3035 bo,
901 2971 999 3024 lib..
1018 2970 1088 3033 V,
1119 2988 1239 3042 pag.
1270 2968 1403 3035 245.
1436 2970 1586 3025 Nihil
1612 2983 1803 3042 praeter

776 3069 964 3103 verum
996 3051 1210 3103 Festus:
1255 3078 1277 3100 ι
1299 3051 1575 3105 Cimmerii
1612 3049 1801 3104 dicun·

778 3140 865 3182 tur
892 3131 1137 3184 homines
1150 3169 1167 3195 ,
1200 3132 1295 3203 qui
1324 3131 1612 3203 frigoribus
1640 3148 1800 3184 occu·

776 3222 927 3280 putas
964 3222 1131 3263 terres
1170 3212 1441 3275 incolunt,
1468 3210 1650 3282 quales
1683 3210 1798 3263 fue-

778 3303 907 3344 runt
946 3290 1087 3343 inter
1124 3291 1274 3345 Baias
1312 3303 1365 3344 et
1393 3290 1614 3349 Cumas,
1644 3289 1703 3343 in
1738 3308 1798 3345 ea

778 3369 995 3441 regione
1008 3408 1025 3435 ‚
1042 3370 1097 3422 in
1123 3390 1227 3441 qua
1249 3371 1504 3425 convallis
1522 3370 1647 3424 satis
1668 3372 1796 3424 emi-

778 3448 926 3500 nenti
943 3449 1071 3519 jugo
1093 3448 1419 3504 circumdata
1440 3462 1551 3518 est,
1572 3467 1690 3523 quoe
1706 3468 1798 3503 ne.-

778 3546 883 3597 que
934 3530 1197 3581 matutino
1213 3569 1228 3593 ,
1270 3548 1445 3599 neque
1493 3530 1798 3603 vespertino

779 3618 1023 3678 tempore
1050 3608 1173 3661 Sole
1200 3610 1518 3680 contegitur.
1538 3636 1561 3656 ι
1599 3612 1670 3663 Et
1703 3628 1801 3679 po-

779 3686 894 3757 puli
930 3688 1129 3757 pariter
1162 3700 1216 3741 et
1246 3687 1435 3761 oppidi
1467 3690 1627 3759 huius
1654 3688 1803 3743 cim-

780 3766 933 3819 merii
958 3766 1205 3820 meminit
1225 3766 1491 3821 Homerus
1518 3767 1710 3840 Odyss.
1731 3776 1761 3821 λ
1787 3786 1800 3821 :

788 3874 810 3894 ι
832 3836 964 3900 Ενθα.
992 3842 1055 3899 δῦ
1093 3850 1376 3919 Κιμμιρὶων
1416 3844 1605 3921 ἀνδρῶν
1642 3844 1800 3919 δῆμός

785 3948 877 3987 τι,
900 3929 1040 3989 πόλις
1068 3947 1142 3980 τι.
1168 3954 1190 3975 ι
1225 3928 1403 3981 ΒΑΜ).

863 4010 915 4061 8.
948 4009 1158 4061 Puteoli.
1184 4006 1329 4060 Italis
1354 4008 1611 4059 Pozzuolo
1641 4026 1662 4059 .·
1706 4026 1804 4061 no-

784 4087 921 4152 stris,
936 4088 1067 4140 Pouz
1076 4089 1169 4141 zol.
1188 4089 1343 4140 Prius
1356 4089 1649 4159 Δικαιαρχία
1661 4088 1803 4141 Stra-

780 4164 941 4233 boni,
964 4168 1067 4221 loc.
1108 4168 1195 4221 cit.
1240 4168 1331 4220 ubi
1360 4166 1430 4219 de
1460 4168 1801 4220 Puteolorum

780 4248 1016 4301 nominis
1044 4249 1251 4319 origine
1286 4247 1537 4319 disputat.
1564 4248 1806 4313 Tacitum,

1880 1301 1978 1355 lib.
2003 1301 2157 1366 XIV,
2180 1302 2373 1354 Annal.
2405 1325 2430 1350 ι
2447 1303 2621 1356 vetus
2647 1299 2910 1372 oppidum

1885 1380 2095 1434 Puteoli
2121 1384 2205 1453 jus
2231 1382 2456 1434 coloniae
2471 1419 2489 1448 ,
2509 1394 2562 1435 et
2585 1400 2912 1454 cognomen·

1884 1473 1998 1513 tum
2019 1479 2048 1512 a
2067 1462 2281 1515 Nerone
2300 1459 2691 1531 adipiscuntur.
2703 1487 2724 1507 .
2747 1461 2912 1513 Fron·

1884 1540 2025 1593 tinus
2065 1554 2268 1606 tamen,
2304 1541 2404 1594 lib.
2447 1539 2515 1594 de
2554 1540 2754 1607 Colou,
2788 1559 2906 1612 pag.

1887 1621 1958 1688 87
1983 1609 2062 1671 :⁸-
2097 1619 2333 1674 Puteolis
2387 1621 2600 1675 colonia
2654 1622 2910 1690 Augusta.

1882 1701 2152 1770 Augustus
2178 1698 2414 1754 deduxit.
2437 1726 2459 1747 ι-
2494 1698 2640 1754 Vide
2677 1719 2794 1772 quae
2823 1697 2910 1751 di-

1884 1779 2020 1831 cturi
2047 1798 2262 1844 sumus,
2304 1779 2402 1834 lib.
2433 1781 2650 1846 XXXI,
2696 1799 2812 1850 cap.
2857 1799 2910 1831 2.

1883 1857 2066 1912 Hmn.

1970 1957 2022 2008 9.
2070 1939 2334 2008 Phlegraei.
2375 1937 2546 1991 Iidem
2577 1951 2631 1992 et
2651 1937 2914 1992 Leborini

1885 2035 1978 2070 seu
2017 2017 2273 2072 Leborini
2326 2017 2458 2072 dicti
2497 2036 2511 2070 ε
2555 2038 2700 2072 nunc
2744 2037 2914 2088 campo

1890 2096 2108 2166 Quarto,
2145 2110 2201 2149 ut
2245 2097 2454 2168 egregie
2487 2095 2740 2150 adversus
2781 2097 2911 2151 Clu-

1886 2172 2092 2228 verium
2143 2175 2379 2247 disputat
2431 2176 2641 2230 Camill.
2698 2177 2911 2247 Peregr.

1886 2271 2006 2326 pag.
2041 2259 2172 2310 261.
2204 2255 2276 2308 Η.
2307 2286 2388 2297 -
2413 2255 2486 2308 Hi
2514 2269 2637 2309 sunt
2666 2256 2917 2327 Phlege-eei

1887 2339 2046 2405 campi
2087 2353 2228 2408 quos·
2271 2336 2480 2408 egregio
2529 2355 2694 2406 opere
2737 2355 2914 2408 nuper

1884 2413 2166 2468 illustravit
2193 2415 2276 2468 Cl.
2302 2415 2627 2468 Eunt-rou.
2656 2416 2828 2468 Bao-r.

1976 2511 2060 2548 ιο.
2103 2494 2389 2548 Acherusia.
2435 2487 2711 2566 Ᾰχερουσῖα
2740 2499 2910 2568 λίμνη,

1888 2572 2135 2627 Strab0ni
2172 2575 2274 2629 loc.
2316 2575 2406 2629 cit.
2439 2575 2580 2647 Lago
2621 2575 2752 2627 della
2787 2577 2908 2631 Col-

1891 2654 2064 2707 luccia.
2091 2652 2275 2709 Hnm.

1976 2752 1998 2786 1
2016 2753 2039 2788 1
2050 2772 2063 2787 .
2085 2734 2466 2787 Chalcidensium
2480 2738 2668 2805 etipsa.
2687 2734 2914 2788 Perinde

1891 2826 2047 2885 atque
2067 2812 2265 2867 Cumae.
2289 2814 2472 2867 Livius
2496 2815 2668 2881 enim,
2693 2812 2730 2868 l.
2743 2816 2909 2881 VIII,

1889 2910 2006 2964 cap.
2024 2912 2090 2946 υ
2111 2912 2124 2944 =
2155 2919 2178 2941 α
2205 2894 2478 2966 Palaepolis
2499 2894 2600 2946 fuit
2625 2891 2770 2948 haud
2793 2913 2915 2967 pro-

1889 2973 1976 3025 cul
2010 2972 2159 3031 inde,
2207 2974 2297 3027 ubi
2345 2992 2492 3027 nunc
2534 2973 2786 3046 Neapolis
2819 2975 2914 3029 sita

1888 3065 1998 3116 est:
2020 3051 2231 3110 duabus
2255 3053 2478 3107 urbibus
2503 3056 2734 3125 populus
2773 3052 2918 3108 idem

1887 3132 2175 3186 habitabat.
2219 3134 2402 3187 Cumis
2452 3130 2604 3186 erant
2647 3132 2866 3187 oriundi
2901 3152 2916 3187 ε

1887 3212 2114 3266 Cumani
2149 3214 2214 3266 ab
2250 3212 2506 3268 Chalcide
2538 3214 2784 3267 Euboica
2813 3214 2920 3267 ori-

1885 3291 2062 3362 ginem
2091 3293 2324 3348 trahunt.
2359 3294 2536 3347 Classe
2576 3312 2685 3365 qua
2712 3292 2920 3347 advecti

1883 3371 1960 3425 ab
1971 3370 2132 3426 domo
2145 3373 2374 3429 fuerant,
2384 3374 2612 3426 multum
2630 3374 2686 3425 in
2701 3392 2794 3426 ora
2807 3392 2922 3426 ma-

1883 3451 1958 3505 ris
1988 3454 2130 3524 ejus,
2171 3450 2318 3525 quod
2343 3454 2619 3514 accolunt,
2650 3463 2873 3524 potuere
2905 3473 2920 3505 :

1887 3529 2057 3603 primo
2104 3532 2162 3585 in
2195 3531 2392 3587 insulas
2427 3532 2697 3585 AEnariam
2736 3546 2792 3585 et
2828 3532 2918 3585 Pi-

1891 3610 2128 3665 thecusas
2167 3610 2384 3682 egressi,
2421 3610 2616 3666 deinde
2655 3612 2712 3663 in
2744 3614 2919 3665 conti·

1891 3704 2104 3745 nentem
2129 3692 2241 3745 ausi
2259 3690 2409 3745 sedes
2429 3692 2728 3745 transferre.
2741 3690 2922 3745 -Vide

1905 3789 2121 3842 quoque
2132 3770 2420 3836 Velleium,
2436 3770 2527 3823 lib.
2540 3772 2584 3824 Ι.
2601 3773 2706 3824 En.

1978 3868 2063 3904 η.
2078 3849 2133 3903 A
2153 3852 2333 3903 tumulo
2349 3848 2549 3903 Sirenis.
2568 3852 2673 3904 Cui
2695 3850 2920 3904 Parthe-

1891 3946 2034 4003 nope
2071 3948 2268 3983 nomen
2301 3932 2418 3985 fuit.
2461 3930 2651 3985 Strabo
2671 3968 2688 3996 ,
2717 3930 2816 3985 lib.
2850 3932 2924 3996 V,

1892 4028 2009 4081 pag.
2051 4014 2182 4073 246.
2219 4010 2554 4083 Stephanus:
2587 4010 2887 4064 Martianus
2911 4050 2929 4075 ‚

1893 4088 1985 4142 lib.
2010 4090 2122 4155 VI,
2153 4108 2267 4161 cap.
2301 4090 2368 4143 de
2399 4088 2771 4143 conditorihus
2804 4092 2928 4143 urb.

1895 4188 2009 4239 pag.
2039 4174 2168 4223 206.
2188 4170 2428 4234 Solinus,
2450 4190 2564 4242 cap.
2593 4188 2657 4235 n,
2679 4190 2802 4243 pag.
2838 4172 2928 4223 13.

1896 4249 2142 4301 Sirenum
2182 4250 2344 4303 trium
2374 4250 2484 4303 haec
2521 4254 2736 4303 nomina
2773 4248 2922 4321 apud
