3300 5175
954 586 1052 656 (38

1479 590 1556 657 C.
1615 590 1963 657 PLINll
2020 588 2239 657 NAT.
2284 588 2557 655 HlST,

947 736 1136 788 tam
1121 721 1330 815 aprici
1363 716 1608 803 colles,
1653 734 1788 788 tam
1835 720 2084 789 innoxii
2114 718 2349 806 saltuS,
2379 734 2511 787 tam
2545 744 2755 813 opaca
2792 744 3097 804 nemora,

944 841 1080 894 tam
1121 824 1434 894 munifica
1492 825 1804 895 silvarum
1844 850 2125 921 genera,
2186 841 2285 895 tot
2342 824 2735 895 montium¹⁹

2790 825 3056 894 afflatus
3078 878 3099 909 ,

944 947 1126 1001 tauta
1153 926 1436 1063 frugaum
1467 948 1535 1001 et
1571 935 1840 1021 vitium,
1880 932 2310 1027 olearumque
2342 931 2676 1019 fertilitas,
2718 948 2849 1000 tam
2898 932 3097 1000 nobi-

944 1037 1029 1108 lia
1061 1038 1322 1135 pecori²
1329 1036 1696 1123 ‘’vellera,
1741 1038 1879 1109 tot²

1956 1041 2179 1135 opima
2216 1040 2423 1107 tauris
2485 1038 2687 1122 colla,
2726 1052 2826 1107 tot
2871 1036 3054 1107 lacus
3080 1090 3099 1121 ‚

941 1161 1045 1215 tot
1071 1148 1363 1218 amnium
1398 1146 1814 1241 fontiumque
1879 1144 2186 1233 ubertas,
2227 1158 2435 1214 totam
2482 1169 2627 1213 eam
2667 1143 3100 1239 perfundenti,

943 1266 1046 1321 tot
1117 1254 1364 1335 maria,
1445 1267 1721 1348 portuS,
1778 1254 2235 1347 gremiumque
2289 1267 2615 1321 terrarum
2696 1252 3101 1320 commercio

943 1354 1241 1453 patens²'
1280 1359 1610 1454 undique:
1644 1374 1711 1428 et
1748 1374 2063 1455 tanquam
2100 1360 2181 1427 ad
2213 1356 2546 1451 juvandos
2579 1356 2927 1445 mortales,
2958 1358 3101 1453 ipsa

945 1466 1135 1534 avide
1171 1466 1236 1533 in
1274 1465 1479 1535 maria
1530 1492 1953 1563 procurrens.
2000 1462 2235 1559 Neque
2288 1466 2583 1559 ingenia,
2638 1466 2969 1559 ritusque,
3021 1487 3103 1531 ac

946 1574 1124 1641 viros
1146 1556 1218 1657 ²³,
1255 1588 1321 1641 et
1360 1572 1582 1669 lingua
1614 1598 1948 1667 manuque
1979 1586 2316 1668 superatas
2355 1596 2814 1639 commemoro
2836 1585 3096 1666 gentes.

944 1680 1082 1773 Ipsi
1130 1674 1228 1747 de*
1269 1704 1346 1747 ea
1383 1680 1777 1773 judicavere
1823 1680 2078 1765 Graeci,
2117 1702 2326 1775 genus
2382 1680 2449 1745 in
2490 1676 2767 1771 gloriam
2792 1738 2807 1747 .
2831 1702 3018 1747 suam

3051 1665 3105 1705 τά

945 1785 1446 1871 effusissimum,
1477 1800 1749 1881 quotam
1796 1802 2050 1880 partem
2094 1810 2175 1853 ex
2213 1808 2291 1853 ea
2331 1782 2729 1879 appellando
2768 1784 3103 1853 Graeciam

943 1918 1276 1987 magnam.
1319 1892 1654 1961 Nimirum
1694 1882 1801 1977 id,
1843 1888 2021 1986 quod
2083 1892 2149 1960 in
2197 1892 2531 1960 mentione
2572 1888 2714 1961 caeli
2775 1889 3055 1959 fecimus
3084 1940 3103 1967 ‚

945 1998 1074 2095 hac
1116 2024 1380 2093 quoque
1416 2000 1482 2066 in
1526 2013 1717 2094 parte
1774 1996 2147 2067 faciendum
2182 2012 2318 2075 est,
2362 2012 2435 2065 ut
2478 1994 2797 2091 quasdam
2834 2010 3034 2065 notas

3053 1980 3106 2019 ²5

945 2090 1078 2173 ac²⁶
1121 2130 1333 2201 pauca
1377 2104 1590 2175 sidera
1631 2100 2054 2201 attingamus.
2097 2106 2425 2198 Legentes
2480 2118 2737 2172 tantum
2772 2154 2791 2186 ,
2856 2127 3109 2197 quae50,

945 2214 1403 2293 meminerint,
1432 2210 1517 2279 ad
1552 2209 1812 2305 singula
1842 2224 1983 2279 toto
2032 2210 2193 2279 orbe
2230 2208 2649 2278 edisserenda
2679 2208 2998 2277 festinari.

1061 2316 1230 2387 Εεῑ27
1277 2343 1439 2412 ergo
1478 2316 1636 2386 folio
1680 2319 1965 2393 maxime
1988 2340 2245 2413 querno
2274 2314 2652 2399 assimilata,
2698 2312 2911 2383 multo
2948 2340 3111 2409 pro-

952 2426 1226 2498 ceritate
1279 2423 1599 2518 amplior,
1637 2446 1837 2517 quam
1884 2420 2291 2493 latitudine:
2334 2423 2405 2490 in
2445 2407 2672 2491 laeva’⁸
2716 2446 2787 2489 se
2831 2420 3110 2490 flectens

1047 2647 1064 2680 1
1079 2649 1130 2698 9.
1161 2629 1398 2679 Montium
1419 2627 1635 2698 afflatus.
1657 2627 1820 2680 Venti
1840 2667 1855 2692 ,
1884 2624 1984 2698 spi-

957 2709 1294 2777 rationesque
1311 2707 1511 2759 emissa}
1531 2726 1561 2758 e
1583 2706 1871 2768 montibus,
1888 2699 1982 2758 ati-

959 2805 1016 2840 ra
1049 2787 1139 2838 illa
1177 2785 1420 2848 odorata,
1456 2803 1573 2855 quae
1599 2804 1697 2855 per
1720 2779 1981 2838 mon'tium

961 2868 1122 2920 latera
1138 2903 1154 2927 ,
1178 2885 1238 2917 ex
1266 2866 1410 2918 omni
1445 2865 1658 2936 frugum
1682 2859 1985 2936 florumque

961 2965 1154 3016 genere
1174 2943 1498 2998 descendens
1512 2983 1528 3007 ‚
1550 2956 1719 2997 totum
1742 2937 1909 2996 inficit
1928 2961 1985 2996 ac

963 3023 1242 3097 perfundit
1271 3041 1460 3077 aerem.
1477 3023 1564 3076 sic
1588 3023 1791 3077 Plinius
1810 3036 1990 3082 noster

964 3103 1033 3156 de
1072 3105 1313 3177 Polypo,
1349 3103 1440 3156 lib.
1477 3103 1584 3166 IX,
1613 3121 1729 3172 cap.
1776 3104 1845 3165 48
1866 3141 1882 3166 ,
1913 3107 1944 3164 4
1972 3119 1985 3154 :

975 3210 997 3230 ι
1021 3184 1216 3236 Afflatu
1245 3183 1449 3235 terribli
1473 3199 1627 3235 canes
1649 3184 1849 3253 agebat.
1874 3208 1895 3229 ι
1918 3183 1987 3235 Et

969 3261 1000 3313 J
1005 3263 1290 3324 unior,lib.
1315 3263 1385 3324 V,
1412 3263 1513 3332 Ep.
1537 3267 1600 3324 6,
1631 3279 1653 3302 ⁶·
1670 3261 1987 3314 Triclinium

972 3341 1343 3393 saluber-imum
1363 3339 1598 3394 afflatum
1617 3359 1681 3393 ex
1698 3339 1993 3412 Apenninis

973 3420 1255 3472 vallibusfl·
1284 3420 1564 3472 Salmasius
1584 3433 1780 3482 tamen,
1791 3423 1991 3471 marium

975 3500 1172 3568 afflatus
1182 3499 1448 3551 emendat:
1465 3517 1562 3568 pei
1551 3498 1687 3552 inde
1700 3518 1761 3550 ac
1775 3501 1817 3552 si
1834 3499 1993 3551 maris

976 3578 1183 3630 afflatus
1197 3591 1289 3629 aut
1311 3579 1532 3631 salubris
1545 3595 1783 3649 semper,
1801 3590 1895 3630 aut
1910 3580 1994 3648 ju-

976 3643 1184 3710 cundus
1204 3655 1285 3708 sit.
1311 3657 1492 3708 Hmn.

1063 3755 1145 3788 20.
1181 3736 1369 3788 Pecori.
1389 3735 1569 3789 Chiffl.
1588 3735 1780 3806 pecudi.
1812 3737 1917 3788 En.

1061 3835 1088 3868 a
1103 3833 1150 3868 1.
1183 3815 1280 3867 Tot
1301 3819 1475 3885 opima.
1507 3817 1628 3868 Vct.
1656 3814 1796 3885 apud
1819 3817 1994 3870 Dalec.

979 3909 1076 3948 ram
1105 3899 1278 3965 opima.
1317 3895 1420 3946 En.

1061 3996 1149 4028 aa.
1209 3975 1498 4026 Commerce‘o
1541 3986 1714 4042 patens
1774 3977 1994 4044 undiquc.

979 4055 1142 4107 solini
1185 4053 1544 4126 paraphrasis,
1589 4071 1706 4121 cap.
1751 4052 1805 4102 11
1822 4092 1837 4112 ,
1875 4071 1996 4124 pag.

988 4150 1050 4184 12
1089 4154 1101 4184 :
1167 4160 1188 4179 ι
1219 4135 1406 4185 Latera
1457 4144 1741 4201 portuosa,
1776 4150 1994 4202 orasque

977 4211 1136 4264 habet
1157 4211 1456 4284 patentibus
1477 4210 1718 4280 gremiis,
1734 4229 1993 4265 commer-

2071 2625 2155 2678 cio
2215 2621 2364 2677 orbis
2418 2621 2860 2677 accommodatas.
2922 2623 3109 2676 ΗΑιιι).

2152 2705 2243 2757 23.
2280 2705 2360 2757 Ac
2390 2709 2539 2756 viros.
2572 2705 2787 2756 Rectius
2816 2704 2999 2756 forsan
3029 2707 3110 2754 vi-

2072 2803 2145 2834 res
2172 2803 2450 2855 agnoscas,
2486 2801 2551 2835 ex
2593 2785 2937 2856 sequentibus
2978 2783 3113 2844 illis,

2070 2877 2118 2914 et
2164 2864 2335 2933 lingua
2361 2883 2595 2934 manuque
2634 2876 2888 2934 superatas
2921 2876 3110 2934 gemes.

2070 2943 2252 2996 Han.

2158 3029 2249 3086 ²4·
2272 3022 2442 3076 Suam.
2466 3021 2651 3075 Chiffl.
2670 3025 2763 3075 καὶ.
2786 3019 2894 3073 En.

2156 3105 2248 3155 25.
2297 3103 2458 3155 Notas
2501 3123 2560 3154 ac
2596 3121 2776 3173 pauca.
2812 3103 2940 3155 vet.
2970 3100 3114 3172 apud

2077 3181 2380 3253 Dalecamp.
2398 3183 2560 3236 Notas
2578 3183 2744 3234 stellas
2771 3203 2833 3234 ac
2850 3201 3019 3252 panca
3045 3203 3115 3234 sr-

2076 3261 2208 3312 dec-a.
2242 3262 2346 3314 Eu·

2085 3355 2091 3361 ’
2162 3345 2253 3395 26.
2271 3343 2530 3410 Acpauca.
2547 3339 2987 3411 Chifflaetpauea.
3008 3343 3113 3394 En.

2162 3439 2253 3491 ²7·
2284 3421 2381 3472 Est
2408 3438 2545 3491 ergo.
2575 3421 2793 3474 Solinus
2811 3419 2928 3473 hec
2952 3439 2980 3472 a
3014 3421 3121 3473 Pli-

2078 3497 2168 3551 nio
2198 3513 2494 3564 mutuatus,
2524 3519 2638 3572 cap.
2659 3503 2742 3566 ΙΙ,
2770 3519 2896 3572 pag.
2922 3501 3013 3553 13.
3044 3499 3116 3552 Η.

2164 3581 2253 3632 28.
2282 3581 2343 3632 In
2368 3580 2508 3632 loeva.
2525 3581 2650 3632 Vet.
2676 3579 2823 3652 apud
2850 3580 3031 3633 Dalec.
3068 3584 3120 3632 ia

2080 3658 2214 3711 loevo.
2248 3659 2351 3712 En.
2381 3693 2463 3702 —-
2492 3659 2615 3725 Qua
2654 3659 2830 3713 tendit
2872 3658 2942 3712 ad
2992 3679 3119 3730 pro-

2080 3739 2408 3792 montorium
2431 3739 2741 3811 Iapygium,
2772 3752 2824 3792 et
2854 3738 3119 3812 Hydrun-

2080 3816 2245 3869 ticum
2265 3835 2451 3888 agrum
2469 3859 2484 3884 ‚
2506 3838 2651 3874 nunc
2692 3821 2846 3871 Ter-m
2862 3819 3117 3871 d’Otmn-

2084 3907 2132 3946 {o
2150 3936 2163 3957 ,
2192 3897 2387 3962 Italiae,
2411 3915 2593 3951 versus
2618 3897 2839 3952 Ionium
2863 3917 3034 3962 mare,
3068 3913 3121 3951 et

2080 3975 2304 4045 Epirum
2315 4017 2329 4038 ,
2345 3977 2594 4032 ultimum
2608 3997 2883 4032 cacumen.
2902 3980 3121 4050 Capella

2080 4073 2327 4126 quoque,
2352 4057 2447 4111 lib.
2469 4059 2583 4120 VI,
2614 4077 2670 4130 p.
2694 4060 2808 4114 205
2825 4099 2840 4124 ‚
2868 4059 2985 4112 haec
3010 4061 3119 4129 ipsa

2086 4134 2235 4186 Plinii
2267 4150 2510 4206 repetens
2525 4177 2540 4202 ,
2565 4139 2842 4190 Lem-orsum
2862 4160 2913 4190 se
2925 4139 3115 4209 flectit,

2078 4214 2267 4284 inquit.
2299 4215 2482 4269 Hnn.
