3300 5175
939 545 1032 589 22
1460 520 1544 588 C.
1603 518 1945 586 PLINII
2002 518 2223 588 NAT.
2283 520 2545 589 HIST.

933 655 1025 721 Et
1048 650 1280 721 dextra
1303 637 1377 740 ⁷⁶,
1399 650 1719 722 Corduba
1730 651 1805 739 ⁷⁷,
1831 649 2091 722 colonia
2123 652 2421 721 Patriciae
2450 650 2849 745 cognomine
2877 678 2893 720 ε
2924 652 3078 721 inde

932 760 1222 855 primum
1258 756 1636 853 navigabili,
1659 761 1842 827 Baeti.
1882 758 2151 853 Oppida
2187 784 2203 824 ε
2248 746 2629 846 Carbula⁷⁸‚
2650 760 2954 829 Decuma
2976 758 3073 826 ⁷⁹:

933 865 1174 935 fluvius
1191 852 1242 890 ⁸⁰
1281 863 1570 961 Singulis
1586 918 1606 952 ,
1633 864 1867 935 eodem
1894 866 2087 933 Baetis
2121 862 2327 933 latere
2354 863 2685 935 incedens·

1042 972 1312 1068 Oppida
1338 970 1743 1067 Hispalensis
1777 986 2185 1041 conventus:
2219 958 2481 1060 Celti⁸¹‚
2506 974 2685 1041 Arna
2702 1026 2721 1060 ,
2750 974 3077 1059 Canama,

930 1230 1124 1283 Onoba
1151 1246 1447 1299 cognomen
1463 1226 1795 1281 Martialium
1808 1263 1826 1292 ,
1842 1244 1953 1298 quo

929 1308 998 1363 sb
1026 1308 1218 1362 Onoba
1237 1307 1525 1372 AEstuaris,
1553 1306 1622 1361 de
1652 1325 1760 1379 qua
1788 1326 1953 1379 supe·

928 1388 1044 1442 rius
1066 1387 1294 1442 diximus
1311 1426 1328 1453 ,
1358 1386 1775 1451 discerneretur,
1808 1384 1952 1441 baud

931 1468 1086 1521 aliter
1123 1468 1388 1538 accepisse
1420 1466 1636 1521 videtur
1668 1484 1731 1520 ac
1768 1466 1952 1521 Narbo

931 1547 1159 1601 Martius
1173 1584 1190 1609 ,
1224 1548 1281 1600 in
1310 1546 1486 1601 Gallia
1519 1547 1889 1610 Narbonensi,
1922 1565 1955 1600 ι

931 1628 1123 1681 Martia
1135 1666 1152 1697 ,
1179 1641 1240 1682 ut
1259 1624 1572 1680 Hsrduinus
1591 1626 1665 1679 ait
1678 1664 1694 1690 ,
1719 1626 1954 1697 legione,

931 1726 1052 1779 quae
1081 1726 1145 1761 eo
1177 1706 1405 1761 deducta
1439 1706 1650 1760 colonis
1680 1718 1774 1759 est.
1802 1706 1957 1776 Igno-

840 1816 852 1825 ·
929 1800 1088 1841 ratur
1123 1800 1302 1841 autem
1339 1787 1500 1858 hujus
1541 1784 1734 1858 oppidi
1772 1786 1921 1839 locus
1940 1826 1956 1852 ,

937 1866 1126 1939 qni‘ad
1158 1866 1364 1921 flumen
1396 1866 1791 1937 Guadalquivir,
1819 1867 1956 1921 lavo

935 1949 1124 2012 latere,
1140 1959 1282 2000 certe
1304 1944 1657 2018 requirendus
1679 1958 1775 1999 est.
1796 1946 1899 1998 En.

1020 2030 1114 2098 76.
1156 2027 1234 2079 Ee
1273 2026 1463 2079 dextra.
1505 2027 1572 2078 In
1611 2025 1733 2096 ripa
1770 2024 1960 2092 fluvii,

935 2125 1055 2179 qum
1079 2106 1516 2179 septemtrionem
1546 2116 1764 2175 spectat.
1792 2104 1900 2159 En.

1018 2206 1113 2258 77.
1140 2184 1399 2250 Corduba,
1421 2186 1610 2237 colonia
1621 2185 1858 2239 Patriciae
1880 2204 1963 2237 co-

934 2271 1174 2338 gnomine.
1207 2264 1386 2319 Dalec.
1416 2276 1471 2318 et
1502 2264 1616 2317 Elz.
1643 2265 1835 2317 colonia
1856 2265 1963 2318 Pa-

939 2351 1080 2399 tricia
1105 2348 1466 2417 cognominata.
1494 2345 1560 2397 In
1597 2362 1823 2397 nummo
1853 2346 1963 2398 Au-

937 2427 1075 2498 gusti
1103 2426 1356 2480 Comus
1384 2426 1669 2478 Psrnrcu.
1704 2422 1963 2478 Corduba

936 2518 1118 2560 sutem
1173 2507 1242 2558 sb
1296 2504 1546 2577 Hispanis
1598 2504 1759 2557 etism
1816 2523 1963 2560 nunc

942 2584 1168 2642 cordoba
1183 2623 1202 2651 ,
1226 2585 1379 2657 regni
1403 2584 1745 2656 cognominis
1772 2597 1961 2658 caput,

935 2685 969 2720 a
993 2666 1162 2721 Gallis
1188 2666 1410 2720 Cor-douc
1431 2677 1669 2718 vocatur.
1694 2665 1799 2718 En.

1017 2749 1114 2818 78.
1160 2746 1398 2800 Carbula.
1427 2747 1508 2800 Ita
1536 2743 1688 2797 Mss.
1729 2746 1858 2814 Reg.
1898 2762 1959 2811 1,

943 2844 971 2878 s
991 2865 1009 2894 ‚
1041 2840 1140 2881 etc.
1183 2837 1240 2880 et
1279 2826 1336 2878 in
1375 2843 1598 2878 nummo
1637 2823 1863 2894 antiquo
1894 2842 1961 2877 ex

937 2924 1070 2972 am,
1099 2903 1247 2978 apud
1262 2906 1324 2958 P.
1343 2901 1679 2957 Ludovicum
1702 2904 1908 2956 Ionan-r
1929 2922 1960 2956 e

935 2985 1200 3040 socictate
1251 2996 1462 3049 nostra,
1513 3001 1763 3037 cauum
1782 3021 1798 3048 ,
1848 3001 1961 3036 non

940 3065 1170 3120 Carbula.
1201 3065 1454 3120 caulam
1481 3063 1542 3116 in
1573 3062 1771 3117 Botica
1799 3063 1961 3117 babet

935 3145 1270 3210 Antoninus,
1291 3143 1388 3198 sed
1410 3143 1604 3215 Ilipam
1623 3143 1763 3196 inter
1784 3157 1837 3196 et
1854 3143 1959 3196 Hi·-

933 3225 1124 3296 spalim
1151 3243 1165 3278 :
1195 3243 1360 3297 quare
1387 3242 1499 3277 non
1525 3236 1605 3278 est
1629 3223 1791 3295 hujus
1814 3223 1919 3278 loci
1944 3265 1959 3292 ,

934 3323 1241 3377 quanquam
1279 3304 1431 3358 aliter
1453 3303 1650 3357 Sur-ito
1666 3303 1842 3356 visum
1857 3343 1874 3369 ,
1902 3304 1959 3359 in

932 3387 1132 3438 Anton.
1162 3385 1347 3437 Itiner.
1370 3403 1491 3456 pag.
1521 3383 1632 3438 562
1647 3421 1667 3447 .,
1690 3396 1746 3436 et
1758 3382 1959 3439 Roder.

933 3466 1094 3532 Caro,
1114 3465 1211 3519 lib.
1225 3465 1331 3530 111,
1349 3466 1478 3516 Ant.
1493 3463 1698 3533 Hispal.
1714 3481 1759 3524 c.
1777 3469 1871 3533 49.
1885 3465 1954 3519 H.

1011 3563 1106 3618 79.
1125 3542 1602 3597 Demi-asans&
1623 3544 1688 3596 R.
1712 3561 1764 3608 1,
1784 3561 1837 3608 2,
1855 3556 1955 3600 etc.

928 3626 1162 3680 Decuma.
1176 3625 1335 3678 Forte
1347 3623 1601 3688 Deeunda,
1613 3623 1698 3677 vel
1705 3622 1955 3679 Detmma.

928 3707 1068 3760 Num
1087 3745 1103 3771 ,
1145 3718 1208 3759 nt
1246 3705 1510 3758 Barbarus
1555 3701 1859 3770 adnotavit,
1894 3705 1955 3758 in

926 3785 1032 3841 hoc
1065 3785 1182 3858 ipso
1206 3784 1412 3838 Baeticae
1441 3795 1640 3848 metu,
1672 3783 1811 3838 inter
1841 3803 1951 3838 me-

925 3865 1228 3920 diterranea
1246 3862 1620 3917 Turdulorum
1639 3861 1841 3935 oppida
1861 3872 1955 3922 Δη-

925 3943 1114 4000 τοῦνδα.
1145 3964 1176 3998 a
1197 3943 1424 3998 Ptolem.
1456 3943 1783 4009 nominatur,
1807 3943 1951 3998 haud

849 4047 854 4050 ·
925 4027 1111 4096 procul
1131 4025 1311 4079 sacili.
1333 4023 1514 4076 Han.
1537 4053 1619 4069 —-
1637 4023 1813 4076 Urbes
1830 4024 1953 4077 Car-

925 4104 1051 4159 bula
1069 4119 1122 4159 et
1146 4107 1380 4158 Decuma
1394 4140 1412 4168 ,
1437 4122 1567 4175 quas
1591 4098 1777 4156 eodem
1798 4104 1954 4157 Baetis

921 4184 1086 4239 latere
1097 4204 1205 4255 quo
1218 4185 1324 4242 fluv
1331 4186 1414 4240 ius
1422 4183 1652 4256 Singulis
1670 4183 1821 4254 ponit
1840 4183 1950 4237 No-

2040 1239 2167 1292 ster,
2185 1226 2327 1281 inter
2348 1226 2571 1299 flumina
2592 1238 2735 1281 certe
2757 1228 2946 1299 posita
2968 1229 3077 1283 fue·

2040 1320 2203 1373 runt;
2238 1307 2368 1360 situs
2391 1326 2517 1359 vero
2545 1303 2837 1378 ignoratur.
2860 1308 2967 1361 En.

2119 1386 2211 1441 80.
2232 1387 2433 1439 Flews‘us
2460 1386 2701 1457 Singulis,
2739 1388 2899 1440 eodem
2914 1389 3075 1441 Boetis

2042 1466 2193 1519 lutere
2205 1468 2695 1521 incedens.Dalec.et
2704 1468 2817 1521 Elz.
2838 1469 3072 1522 haidem

2040 1546 2145 1599 Hic
2195 1560 2373 1601 autem
2412 1546 2631 1610 fluvius,
2668 1547 2762 1619 qui
2807 1548 2939 1601 laevo
2976 1567 3071 1601 seu

2042 1624 2380 1679 meridionali
2402 1628 2557 1681 Botis
2574 1628 2757 1688 latere.
2786 1640 2845 1681 ut
2862 1628 2935 1681 ait
2954 1628 3071 1681 No-

2041 1719 2167 1771 ster,
2184 1704 2409 1772 incedit,
2430 1706 2593 1761 hodie
2614 1706 2781 1765 Gem‘l,
2810 1726 2904 1761 seu
2921 1708 3085 1760 Xem'l

2042 1798 2279 1839 vocatur.
2306 1787 2413 1841 En.

2128 1867 2222 1919 81.
2253 1864 2415 1929 Celei,
2444 1867 2623 1933 Ama,
2650 1866 2899 1933 Canama,
2920 1868 3077 1923 Eoi«.

2047 1944 2157 1998 Vix
2176 1945 2315 1999 ullus
2342 1947 2501 1999 estin
2528 1947 2633 1999 hoc
2662 1948 3077 2019 opereGeogi-a-

2048 2024 2211 2096 phico
2246 2024 2397 2079 locus
2424 2026 2481 2080 in
2516 2044 2627 2097 quo
2656 2026 2891 2081 atrocius
2928 2046 3080 2099 grat

2050 2117 2157 2158 suta
2200 2104 2269 2157 sit
2312 2106 2754 2177 interpolatorum
2795 2105 2967 2160 libido
2982 2144 3001 2173 ,
3028 2122 3081 2161 et

2050 2182 2371 2238 emendandi
2404 2184 2627 2257 prurigo
2642 2224 2661 2250 ,
2695 2205 2817 2259 qua
2843 2185 3085 2240 eruditos

2051 2263 2209 2317 etism
2220 2265 2367 2319 viros
2382 2265 2657 2319 interdum
2670 2278 2831 2320 tenet.
2847 2266 2912 2319 In
2922 2266 3077 2319 MSS.

2051 2344 2183 2415 Reg.
2203 2362 2227 2397 1
2246 2383 2262 2409 ,
2286 2365 2339 2411 2,
2358 2344 2514 2399 colb.
2530 2358 2583 2399 et
2598 2346 2761 2399 Paris.
2776 2344 3075 2407 Celtianum,

2056 2422 2301 2486 Camena,
2334 2426 2494 2478 AEoa.
2530 2432 2597 2478 In
2634 2423 2762 2479 edit.
2800 2432 3079 2492 Romans,

2050 2503 2229 2558 Parm.
2252 2504 2487 2559 Froben.
2506 2504 2933 2577 Gelen.aliisque
2952 2520 3080 2561 ante

2050 2584 2455 2658 Dslecampium
2480 2585 2732 2650 Caluam,
2758 2585 2816 2639 V
2808 2605 3049 2638 aemam
3064 2627 3079 2650 ,

2050 2664 2224 2719 Aeria.
2240 2664 2537 2720 Numerum
2562 2665 2893 2737 oppidorum
2914 2667 3081 2731 auxit,

2046 2743 2458 2817 immutavitque
2472 2744 2671 2800 deinde
2686 2747 3081 2818 Daleoempius:

2054 2823 2243 2877 Celtica
2258 2863 2275 2890 ,
2300 2825 2551 2880 Axaeidm
2564 2862 2581 2884 ,
2610 2826 2823 2890 Art-uei,
2845 2825 3074 2880 Menobm

2048 2903 2275 2976 Ecquod
2302 2905 2359 2958 in
2394 2905 2481 2958 his
2502 2905 2688 2960 xer-bis
2720 2905 2915 2960 veteris
2944 2907 3075 2962 scri-

2046 2996 2221 3054 pturae
2269 2983 2597 3056 vestigium?
2629 2984 2829 3040 Roder.
2872 2989 3079 3054 Carus,

2046 3063 2140 3116 lib.
2173 3066 2276 3117 111.
2310 3066 2494 3136 Antiq.
2524 3065 2726 3140 Hispal.
2761 3085 2880 3139 cap.
2916 3069 2981 3133 3,
3015 3069 3078 3130 8,

2048 3157 2103 3198 et
2144 3163 2178 3214 9
2220 3145 2379 3215 legit,
2421 3145 2643 3211 celsitu,
2680 3147 2877 3213 Axati,
2906 3147 3078 3212 Arva,

2049 3224 2235 3277 Arucci
2254 3264 2270 3289 ,
2316 3225 2529 3278 Menoba
2546 3265 2562 3292 ,
2616 3225 2861 3285 Οωιωιια,
2924 3227 3074 3281 Aria.

2048 3303 2299 3358 Nostram
2340 3303 2766 3360 emendationem
2804 3306 3075 3378 potiorem

2046 3383 2131 3436 his
2146 3384 2397 3438 omnibus
2416 3403 2527 3440 csse
2548 3405 2660 3440 non
2682 3384 2845 3439 modo
2864 3387 3069 3458 prisco·

2044 3483 2167 3518 rum
2192 3462 2441 3518 codicum
2470 3464 2692 3537 vestigia
2718 3466 2836 3537 ipsa
2864 3466 3069 3520 confir·

2046 3557 2211 3609 mant,
2226 3545 2313 3598 vix
2333 3545 2445 3598 ullo
2458 3545 2569 3598 fere
2589 3545 2741 3617 spice
2760 3546 3073 3610 immutato,

2044 3623 2141 3678 sed
2174 3638 2227 3679 et
2263 3624 2639 3697 inscriptiones
2671 3637 2907 3692 veteres,
2940 3645 3073 3698 quas

2043 3703 2210 3758 modo
2241 3705 2451 3758 allaturi
2474 3721 2676 3758 sumus.
2704 3707 2869 3758 Axati
2884 3743 2901 3772 ,
2926 3717 3075 3762 certe

2040 3795 2097 3836 et
2122 3785 2307 3838 Arucci
2328 3784 2681 3857 expunximus
2694 3823 2711 3847 ,
2739 3783 2893 3857 quod
2914 3783 2983 3839 de
3004 3786 3069 3840 iis

2038 3863 2165 3918 libri
2202 3883 2386 3918 omnes
2430 3863 2691 3919 conditivi
2728 3865 2886 3919 silent
2922 3883 2937 3919 ε
2972 3865 3069 3920 etsi

2038 3963 2153 3998 non
2184 3963 2271 3998 me
2307 3945 2542 4016 proterit
2573 3944 2859 4018 Municipii
2898 3945 3067 3999 Flavii

2040 4024 2337 4087 Anniani,
2366 4037 2419 4078 et
2437 4025 2681 4078 Civitatis
2706 4027 3065 4086 buccinna,

2039 4103 2186 4176 apud
2227 4103 2525 4158 Gruterum
2557 4105 2613 4158 in
2656 4106 2906 4176 Inscript.
2946 4105 3065 4160 fieri

2042 4184 2393 4252 mentionem,
2412 4203 2528 4258 pag.
2558 4185 2666 4250 432
2685 4227 2700 4252 ,
2718 4199 2772 4242 et
2789 4205 2912 4258 pag.
2936 4186 3058 4239 238.
