3300 5175
820 890 885 927 10

917 507 1018 595 46
1455 508 1530 576 c.
1591 507 1934 576 PL1N11
1990 508 2208 577 NAT.
2266 509 2531 577 HlsT.

916 641 1118 711 letani
1159 642 1345 736 Tago
1381 639 1640 709 flumini
1686 640 2017 733 impositi:
2054 638 2204 709 dein
2239 640 2607 711 Viatienses
2628 638 2725 729 ¹¹⁷,
2752 656 2821 710 et
2847 644 3067 737 Virgi-

918 746 1174 815 lienses.

1021 856 1103 921 In
1176 866 1584 921 conventum
1605 838 1681 875 ¹¹⁸

1760 851 2190 921 Cluniensem
2229 851 2537 922 .Varduli
2605 853 2863 924 ducunt
2948 882 3038 951 po

914 959 1108 1055 pulos
1151 983 1299 1029 x1v.
1341 984 1424 1027 ex
1461 958 1703 1053 quibus
1745 958 2245 1029 Albanenses¹⁸⁹
2286 974 2545 1029 tantum
2589 963 2941 1031 nominare
2984 961 3067 1031 li-

913 1064 1208 1136 beat¹²⁰t
1253 1063 1733 1159 Turmodigi¹²¹
1790 1080 2109 1159 quatuor,
2154 1068 2223 1135 in
2274 1067 2513 1161 quibus
2564 1069 3065 1163 Segisamonen-

916 1199 1019 1243 ses
1052 1171 1150 1260 ¹²²‚
1203 1187 1270 1242 et
1323 1171 1965 1267 Segisamejulienses
1996 1158 2090 1241 ¹²³.
2149 1175 2231 1242 In
2288 1174 2599 1243 eumdem
2660 1190 3067 1247 conventum

916 1266 1302 1350 Carietes¹²⁴
1343 1293 1410 1348 et
1439 1282 1829 1349 Vennenses
1859 1280 2151 1375 quinque
2189 1281 2567 1351 civitatibus
2598 1282 2888 1370 vadunt,
2916 1306 3069 1377 qua-

916 1412 1066 1455 rum
1085 1372 1159 1411 ¹²⁵
1209 1400 1364 1455 sunt
1407 1385 1767 1456 Velienses.
1823 1386 2081 1457 Eodem
2102 1372 2177 1411 ¹²⁶
2232 1385 2641 1457 Pelendones
2692 1388 3067 1459 Celtibero-

1005 1632 1026 1667 1
1045 1631 1130 1683 17.
1171 1612 1228 1664 V
1223 1615 1462 1663 iatieeues.
1487 1612 1665 1666 Dalec.
1693 1622 1747 1665 et
1765 1612 1947 1665 Elzev.

925 1694 1216 1745 Viacienses.
1241 1690 1521 1763 Oppidum
1539 1694 1721 1745 Βιατία
1738 1692 1795 1745 in
1814 1692 1949 1745 Ore·

919 1772 1080 1835 tanis,
1129 1770 1275 1841 apud
1312 1772 1654 1825 Ptolemaeum
1676 1811 1693 1835 ,
1731 1772 1825 1825 lib.
1864 1774 1919 1825 11
1935 1812 1951 1837 ,

919 1872 1036 1925 cap.
1059 1856 1118 1906 6.
1140 1853 1210 1905 Et
1220 1852 1566 1923 virgilienses
1589 1852 1659 1907 ab
1685 1852 1950 1923 Οὐεργιλία

918 1933 976 1986 in
1000 1933 1274 1986 Bastitanis
1298 1933 1448 2003 juxta
1472 1932 1751 1985 Oretanos.
1785 1931 1951 2003 Apud

920 2014 1134 2068 Gruter.
1175 2032 1295 2083 pag.
1342 2013 1486 2076 324:
1527 2012 1949 2066 Vnnorumtsts.

916 2092 1046 2147 Haee
1066 2091 1232 2146 hodie
1259 2092 1480 2158 Murcia,
1499 2093 1652 2163 regni
1672 2092 1948 2163 cognomi·

917 2174 1003 2227 nis
1030 2186 1191 2245 oeput
1216 2173 1562 2225 existimatur.
1595 2171 1665 2224 Η.
1693 2185 1745 2225 et
1769 2173 1871 2225 Eu.

1005 2272 1029 2307 1
1046 2260 1131 2308 18.
1150 2254 1212 2305 ln
1235 2265 1531 2305 conventum.
1556 2252 1745 2305 Ambr.
1775 2252 1949 2305 Mora-

917 2333 1134 2399 les‚fol.
1171 2350 1268 2403 70:
1293 2352 1362 2385 nx
1402 2333 1724 2389 Cunnum.
1750 2330 1949 2385 Subin-

919 2414 1125 2484 tellige‚
1153 2426 1436 2467 conventu.
1477 2414 1558 2465 De
1601 2412 1793 2465 Clunia
1823 2428 1947 2465 mox

917 2493 1169 2548 dicemus.
1197 2492 1376 2545 Hum.

1007 2593 1028 2626 1
1047 2594 1070 2628 1
1083 2594 1136 2643 9.
1178 2573 1492 2626 Albanenses.
1533 2572 1725 2628 Albam
1757 2572 1947 2626 urbem

919 2655 1074 2707 etiam
1089 2654 1147 2705 in
1169 2651 1426 2706 Vardulis
1436 2653 1595 2707 habet
1613 2653 1948 2719 Ptolemaeus,

919 2734 1011 2787 lib.
1028 2734 1085 2784 II
1095 2773 1110 2798 ‚
1127 2753 1243 2806 cap.
1266 2734 1496 2786 &Alana
1514 2733 1662 2804 regio
1678 2731 1947 2805 hodieque

919 2814 1245 2886 appellatur,
1277 2812 1345 2866 ad
1374 2813 1592 2866 Iberum
1611 2847 1628 2874 ‚
1651 2813 1792 2866 infra
1818 2813 1945 2868 Gui-

910 2914 1102 2966 puzcoa
1124 2911 1138 2947 ε
1163 2896 1276 2964 ejus
1289 2894 1522 2964 regionis
1544 2893 1797 2964 primaria
1820 2893 1947 2946 civi-

919 2988 996 3028 tas
1021 2975 1240 3027 Vinovia
1265 2973 1580 3045 appellatur.
1610 2973 1695 3025 Ibi
1720 2972 1945 3045 oppidu-

919 3055 1030 3108 lum
1052 3052 1214 3107 hodie
1245 3055 1466 3106 Λὶναῆα.
1491 3055 1677 3106 Ham.

1005 3155 1026 3189 1
1043 3154 1132 3186 2ο.
1148 3133 1336 3187 Libeat.
1351 3134 1626 3187 Maluisset
1637 3134 1945 3206 Dalecamp.

920 3215 1052 3268 libet.
1077 3216 1181 3268 En.

1007 3314 1027 3347 1
1043 3315 1070 3346 2
1085 3313 1131 3346 1.
1157 3295 1456 3365 Turmodigi.
1479 3298 1589 3348 Aut
1613 3307 1673 3347 ut
1706 3291 1797 3348 dat
1817 3294 1948 3346 Bro-

920 3375 1086 3427 terius
1116 3393 1178 3426 ex
1203 3375 1315 3428 MS.
1360 3378 1489 3446 Reg.
1535 3395 1556 3428 1
1585 3409 1603 3434 ς
1637 3377 1689 3427 T
1686 3375 1941 3443 urmogaedi.

919 3455 1189 3524 Nusquam
1221 3468 1398 3507 autem
1421 3454 1616 3509 audito
1643 3474 1797 3507 voces
1824 3455 1943 3508 illo.

919 3532 1066 3598 Quid
1089 3533 1132 3585 si
1165 3534 1419 3605 Murbogi
1444 3533 1649 3604 potius,
1678 3552 1743 3586 ex
1769 3534 1943 3586 Ptole·

918 3631 1053 3666 maeo
1069 3653 1083 3677 ‚
1111 3613 1214 3666 loc.
1234 3614 1326 3666 eit.
1343 3612 1625 3685 Μοὺρὸογω.
1645 3653 1661 3677 ,
1679 3612 1943 3666 Pelendo-

913 3693 1076 3747 nibus
1089 3694 1444 3764 ,Vaccaeisque
1463 3691 1717 3746 finitimi?
1738 3691 1945 3748 Vardu-

915 3773 1092 3825 lorum
1118 3791 1240 3843 pars
1267 3772 1306 3824 ii
1339 3771 1657 3844 Turmodigi
1682 3773 1845 3826 fuere.
1874 3773 1939 3828 Η.

917 3865 970 3906 et
993 3854 1094 3905 En.

1005 3953 1026 3986 1
1043 3953 1070 3986 2
1081 3953 1104 3984 2
1117 3973 1130 3985 .
1147 3931 1574 4002 Segisamonenses.
1591 3935 1635 3983 A
1658 3932 1941 4003 Segisama,

918 4013 986 4066 de
1004 4033 1108 4086 qua
1129 4013 1344 4074 Florus,
1367 4012 1515 4077 1.1v‚
1535 4031 1583 4065 c.
1611 4033 1633 4066 1
1651 4033 1678 4066 2
1694 4053 1709 4077 ,
1733 4032 1785 4083 p.
1816 4017 1939 4080 198.

919 4096 1102 4164 Σέγισα.
1113 4092 1316 4148 Ptolem
1327 4133 1338 4143 .
1353 4091 1454 4145 loc.
1475 4093 1566 4145 cit.
1579 4092 1636 4144 in
1651 4093 1943 4146 Bastitano·

919 4193 1040 4228 rum
1069 4171 1282 4245 oppidis
1303 4172 1725 4226 Mediterraneis·
1753 4173 1939 4226 Itiner.

2036 1614 2231 1665 Antou.
2277 1610 2582 1683 Segesamon.
2616 1613 2765 1667 illam
2798 1614 3070 1681 Mariana,

2036 1692 2173 1745 Hist.
2209 1691 2359 1763 Hisp.
2390 1693 2482 1745 lib.
2510 1694 2627 1758 ΠΙ,
2655 1712 2771 1764 cap.
2804 1693 2874 1749 25
2897 1732 2915 1757 ,
2942 1713 3067 1766 pag.

2045 1772 2175 1825 130.
2205 1773 2488 1845 Vesunna,
2523 1773 2579 1827 in
2619 1772 2905 1844 Gutpuzcoa
2940 1794 3067 1846 pro-

2036 1852 2241 1916 vincia,
2266 1871 2375 1905 esse
2402 1851 2540 1905 dixit
2567 1871 2581 1905 :
2610 1852 2703 1907 sed
2730 1855 2928 1909 rectius
2956 1855 3069 1907 for-

2034 1944 2167 1984 tasse
2180 1932 2491 1986 Mannertus
2501 1932 2736 1987 Sesamon
2751 1934 3067 1988 leucisVIII

2034 2030 2067 2065 a
2107 2010 2305 2080 Burgos
2322 2052 2339 2075 ,
2376 2014 2811 2084 septemtrionem
2842 2015 2985 2068 inter
3010 2028 3065 2067 et

2035 2089 2384 2145 occidentem.
2408 2093 2513 2145 En.

2118 2189 2141 2224 1
2151 2192 2179 2225 2
2188 2170 2219 2223 3
2227 2212 2240 2224 .
2250 2170 2731 2243 Segisamejulienses.
2750 2174 2962 2245 Legum
2974 2174 3067 2227 alii

2032 2249 2487 2322 Segisemq'ult'enses
2519 2270 2535 2305 2
2580 2254 2791 2307 Broter.
2827 2273 2891 2307 ex
2948 2254 3067 2307 MS.

2033 2331 2160 2403 Reg.
2192 2349 2241 2397 1,
2264 2331 2755 2403 Segisamajulienses,
2772 2332 2919 2404 quod
2938 2350 3071 2386 eon-

2031 2410 2245 2465 firmare
2287 2410 2501 2469 videtur
2538 2413 2889 2481 Ptolemaeus,
2920 2413 3066 2483 apud

2032 2508 2193 2563 quem
2213 2491 2249 2545 l.
2273 2492 2355 2557 H,
2376 2510 2490 2564 cap.
2524 2497 2557 2545 6
2575 2532 2591 2557 ,
2613 2494 2876 2565 Σεγίσαμα
2902 2483 3066 2547 iculi«.

2030 2571 2320 2643 reperitur,
2340 2572 2395 2625 in
2416 2573 2652 2628 Vacca-,is
2670 2572 2911 2646 quidem,
2931 2571 3064 2627 dum

2031 2668 2063 2705 a
2083 2653 2281 2706 Nostro
2297 2652 2645 2725 Turmodigis
2666 2655 2939 2708 tribuitur.
2960 2655 3064 2708 Eu.

2118 2749 2141 2783 1
2157 2739 2251 2796 24.
2299 2732 2531 2787 Carietes.
2588 2734 2702 2788 Hos
2749 2735 3065 2788 Ptolemaeus

2032 2814 2297 2883 Καρισίους
2322 2827 2501 2876 vocat,
2538 2832 2769 2886 quorum
2798 2813 3063 2885 oppidum

2031 2892 2220 2946 Οὐιλία.
2246 2892 2401 2946 Velia
2420 2893 2525 2947 fuit
2550 2914 2565 2946 ε
2590 2893 2733 2948 cives
2754 2893 2933 2948 Plinio
2954 2895 3058 2947 Ve-

2031 2972 2238 3026 lienses·
2275 2973 2459 3026 Hmn.

2120 3070 2141 3104 1
2158 3052 2245 3106 25.
2266 3053 2483 3124 Quarum
2498 3065 2624 3106 sune.
2648 3054 2893 3117 Quarum
2914 3072 2945 3106 e
2968 3073 3064 3106 nu-

2032 3149 2179 3184 mero
2206 3134 2473 3204 praeeipue
2516 3133 2740 3203 insignis
2776 3133 2963 3198 Velia,
2995 3131 3061 3186 de

2032 3231 2136 3283 qua
2166 3213 2323 3282 plane
2352 3211 2515 3267 modo
2545 3211 2795 3266 diximus.
2837 3214 3021 3266 Hum.

2120 3310 2139 3344 1
2158 3297 2247 3346 26.
2316 3293 2505 3346 Eodem
2557 3292 2872 3345 Pelendones.
2935 3294 3058 3345 Vet.

2030 3370 2175 3444 apud
2222 3373 2401 3427 Dalec.
2448 3374 2609 3426 iidem.
2654 3371 2837 3426 Chiffl.
2883 3373 3059 3424 Pelen-

2032 3465 2177 3504 toaes.
2203 3484 2283 3494 —
2306 3453 2371 3504 In
2414 3452 2667 3506 eumdem
2696 3465 3023 3505 conventum
3044 3491 3061 3516 ,

2028 3533 2203 3604 inquit
2230 3533 2453 3596 Noster,
2482 3531 2831 3603 disceptaturi
2862 3530 3061 3584 vadunt

2031 3610 2381 3679 Pelendones,
2419 3631 2650 3684 quorum
2699 3612 2889 3684 populi
2930 3629 3058 3682 qua-

2029 3704 2171 3756 tuor,
2185 3711 2214 3744 e
2228 3691 2619 3746 Celtiberorum
2632 3710 2732 3764 gen
2740 3706 2790 3746 te
2806 3691 3056 3745 universi.

2032 3771 2169 3824 Nam
2198 3772 2487 3825 Celtiberia
2532 3769 2861 3826 Pelendones
2878 3806 2893 3831 ‚
2928 3773 3057 3823 Are·

2032 3869 2290 3920 vanosque
2312 3852 2709 3924 complectitur.
2730 3851 2953 3906 Gruteri
2974 3851 3059 3904 In·

2032 3931 2248 4002 scriptio
2287 3950 2405 4003 pag.
2450 3951 2509 3986 11
2531 3952 2550 3984 1
2596 3949 2610 3984 :
2641 3932 3057 3986 Pnuunouns.

2034 4029 2167 4064 sus
2176 4013 2395 4064 icomln
2406 4010 2801 4066 Pelendonibus
2809 4011 3057 4078 oririDu·

2028 4092 2173 4144 rium
2227 4109 2437 4144 amnem
2478 4104 2663 4148 auctor
2702 4105 2779 4144 est
2822 4091 3057 4154 Plinius,

2030 4171 2121 4223 lib.
2150 4172 2251 4235 IV,
2281 4190 2397 4243 cap.
2430 4171 2521 4236 34.
2546 4171 2727 4226 Iino.
2759 4185 2813 4225 et
2838 4172 2945 4224 Eu.
