3300 5175
883 453 982 534 40
1415 452 1491 518 c
1547 449 1894 519 PLINII
1949 451 2167 520 NAT.
2226 438 2477 521 Hls'T.

882 607 1031 652 rum
1062 580 1506 666 celeberrimi,
1536 585 1780 653 civium
1811 588 2271 715 Romafinorum
2296 571 2719 655 Dertusani⁵⁴
2703 573 3025 715 ,Bisgar-

884 674 1149 783 gitani⁵⁵
1167 691 1629 774 :Latinorum,
1667 678 2043 761 Ausetani⁵⁶
2047 695 2438 776 ,Cerretani
2456 679 2504 731 ⁵⁷
2510 695 2684 786 ,qui
2714 679 3021 760 Juliani⁵⁸

884 798 1473 924 cognominantur,
1511 811 1577 865 et
1593 799 1726 927 6qui
1767 799 2182 928 Augustani:
2220 799 2587 880 Edetani,
2514 785 2565 835 99
2623 799 3021 868 Gerunden-

883 887 1033 971 ses⁶
1038 901 1083 986 ⁰,
1120 888 1642 972 Gessorienses⁶¹
1677 891 1980 973 .Teari⁶²
1986 959 2004 990 ,
2046 909 2211 1035 qui‘3
2200 890 2590 975 Julienses⁶³
2597 905 3020 1034 .Stipendia-

882 1010 1183 1077 riorum:
1227 996 1818 1140 Aquicaldenses&
1866 997 2237 1081 Onenses⁶⁵
2243 1063 2262 1095 ,
2305 957 2867 1082 Baeculorienses⁶⁶
2873 1064 2885 1078 .

985 1102 1544 1210 Caesaraugusta⁶⁷
1578 1116 1891 1187 colonia
1876 1121 2215 1204 immuniS,
2268 1142 2465 1187 amne
2507 1118 2703 1187 Ibero
2755 1116 3021 1199 affusa,

973 1325 1066 1388 54.
1107 1319 1396 1379 Det-tusani.
1428 1327 1538 1392 Qui
1566 1326 1766 1379 civium
1805 1328 1911 1379 Ro·

888 1423 1175 1457 manorum
1216 1408 1336 1477 jure
1375 1407 1751 1477 potiebantur,
1778 1417 1838 1458 ut
1860 1418 1915 1459 et

888 1484 1254 1555 Bisgargitani.
1285 1484 1565 1557 Oppidum
1591 1486 1876 1538 Ptolemaeo
1893 1524 1909 1548 ,

888 1563 1063 1617 lib.11
1080 1601 1098 1627 ,
1131 1583 1250 1635 cap.
1288 1567 1318 1617 5
1338 1605 1354 1631 ,
1378 1569 1612 1637 Δίρτωσα
1637 1565 1693 1617 in
1723 1567 1920 1637 Ilerga-

892 1662 1062 1696 onum
1085 1658 1255 1713 gente.
1270 1645 1475 1698 Tiberii
1495 1663 1751 1699 nummus
1772 1644 1915 1717 apud

891 1722 1143 1788 Sur-itam,
1171 1724 1227 1777 in
1246 1725 1442 1778 Anton.
1461 1725 1589 1779 ltin.
1618 1742 1740 1797 pag.
1771 1726 1915 1788 548:

888 1803 1069 1856 Dnnr.
1095 1805 1456 1866 hensionis.
1518 1802 1684 1877 Apud
1726 1805 1917 1857 Reine·

889 1881 1061 1948 sium,
1106 1902 1223 1955 pag.
1272 1883 1415 1950 316,
1442 1894 1597 1939 ‘vetus
1636 1883 1915 1955 inscriptio

888 1962 1128 2015 Dertosae
1163 1978 1374 2034 reperta
1405 1965 1626 2018 :Onna
1650 1966 1720 2017 D.
1757 1963 1822 2018 C.
1848 1966 1918 2020 D.

896 2041 1038 2095 Ordo
1064 2042 1388 2111 Decurionutn
1419 2044 1637 2097 Colonia.-
1674 2043 1915 2100 Dertosoe.

890 2120 1053 2175 Nunc
1069 2134 1148 2175 est
1171 2124 1379 2175 Tot-tosa
1393 2123 1464 2177 ad
1478 2125 1713 2177 Iberum.
1731 2122 1914 2179 Halm.

975 2202 1067 2255 55.
1087 2202 1444 2273 Bisgargs'tani.
1465 2205 1533 2256 Et
1545 2204 1604 2256 hi
1619 2204 1686 2256 ab
1712 2202 1914 2275 oppido

887 2298 1105 2334 rursum
1136 2283 1472 2354 Ilergaonum
1495 2282 1914 2350 mediterraneo,

887 2359 1037 2431 quod
1063 2366 1330 2434 Βισσαργὶς
1372 2363 1656 2417 Ptolemaeo
1686 2363 1787 2416 loc.
1824 2364 1912 2419 cit.

888 2438 1200 2494 Germanici
1225 2461 1508 2506 nummus,
1546 2443 1602 2495 in
1633 2443 1911 2496 Thesauro

889 2518 1038 2572 Golt.
1054 2540 1173 2593 pag.
1198 2519 1504 2584 242:Mv1‹.
1520 2523 1821 2576 Bxscsnoxs.
1842 2524 1911 2576 Η.

973 2599 1065 2655 56.
1098 2602 1355 2655 Ausetani.
1405 2606 1487 2657 Ab
1513 2604 1654 2656 Ausa
1677 2601 1911 2675 oppido,

888 2676 959 2733 de
989 2699 1100 2752 quo
1132 2699 1310 2754 supra.
1341 2682 1521 2736 Ilum.

972 2758 1066 2830 57.
1114 2761 1382 2816 Cerretani.
1431 2763 1616 2818 Gentis
1660 2762 1819 2834 hujus
1840 2763 1911 2816 ait

888 2838 1089 2910 oppida
1109 2838 1220 2895 duo
1245 2842 1406 2898 fnisse
1420 2881 1435 2908 ‚
1454 2841 1596 2895 unde
1615 2858 1909 2914 cognomen

885 2917 1074 2973 incola
1110 2923 1357 2975 tulerunt
1391 2941 1406 2978 :
1442 2923 1645 2976 Juliani
1668 2964 1684 2987 ,
1713 2923 1783 2975 ab
1809 2941 1907 2993 op·

884 2997 1017 3067 pido
1055 3001 1199 3054 ,Iulia
1218 3001 1422 3073 Libyca
1439 3042 1456 3068 ,
1482 2993 1646 3057 Ῐοὺλιοι
1666 3000 1896 3066 Aleum,

885 3079 1038 3149 cujus
1065 3079 1378 3136 Ptolemaeus
1409 3084 1673 3150 meminit,
1706 3083 1802 3135 lib.
1823 3082 1906 3147 11,

886 3174 1004 3229 cap.
1035 3163 1088 3223 6,
1119 3161 1408 3232 Augustani
1430 3165 1498 3217 ab
1523 3165 1782 3234 Augusta.
1804 3161 1873 3214 H.

968 3236 1062 3293 58.
1086 3239 1291 3295 Iuliani.
1318 3243 1431 3295 Elz.
1447 3242 1640 3296 Suliani
1668 3245 1772 3296 En.

966 3318 1059 3387 59.
1083 3320 1314 3375 Edetani.
1344 3322 1496 3376 Prius
1521 3322 1751 3375 Sedetani
1770 3325 1909 3396 lege-

877 3395 1056 3449 batur.
1093 3399 1258 3471 Atqui
1283 3399 1569 3455 Sedetanos
1607 3402 1698 3456 hic
1727 3404 1904 3458 locum

877 3473 1076 3530 habere
1102 3479 1394 3532 litterarum
1429 3482 1588 3535 series
1629 3501 1738 3534 non
1766 3485 1902 3554 pati·

874 3566 986 3624 tur,
1018 3576 1180 3630 quam
1217 3558 1274 3611 in
1316 3561 1531 3634 populis
1568 3561 1903 3615 recensendis

871 3634 1081 3690 Plinius
1115 3639 1381 3710 sequitur.
1415 3641 1692 3708 Ausetani,
1728 3642 1899 3695 Cerre-

874 3720 1008 3779 tani,
1037 3717 1274 3781 Edetam',
1301 3718 1652 3784 Ger-undenses,
1679 3734 1777 3775 etc.
1814 3724 1900 3775 Ab

869 3783 1047 3854 Etim-a
1075 3796 1281 3869 oppido
1308 3817 1503 3852 nomen
1532 3800 1592 3853 hi
1620 3801 1793 3855 sortiti
1821 3803 1900 3854 vi-

871 3872 1082 3943 dentur,
1100 3874 1246 3950 quod
1268 3879 1360 3930 ubi
1382 3878 1600 3932 demum
1623 3878 1682 3932 id
1702 3881 1895 3944 fuerit,

1999 1326 2226 1380 detaniae
2266 1326 2519 1397 regionis,
2565 1326 2657 1379 ubi
2699 1326 3022 1396 Saguntum,

2000 1406 2246 1460 Valentia
2263 1418 2317 1458 et
2333 1407 2724 1477 Caesaraugusta
2742 1405 2909 1471 fuere,
2925 1404 3027 1457 hos

2002 1485 2294 1539 Sedetanos
2313 1485 2469 1539 fuisse
2491 1486 2967 1557 appellatostquum
2990 1484 3028 1535 ii

2002 1566 2449 1635 Caesaraugustani
2490 1566 2713 1629 suerint,
2747 1576 2808 1616 ut
2852 1564 3027 1616 statim

2001 1645 2205 1698 Plinius
2224 1643 2505 1706 admonet,
2529 1664 2638 1697 non
2665 1645 3030 1697 Tarraconen·

2000 1725 2070 1777 sis
2098 1725 2217 1777 fori.
2250 1723 2399 1790 Quid
2429 1726 2468 1776 si
2508 1726 2714 1776 Deciani
2740 1723 2936 1776 scribas
2956 1758 2974 1786 ,
3001 1743 3030 1775 3

2002 1811 2215 1858 Aeniam
2277 1803 2581 1875 Indigetum
2634 1802 3032 1856 Mediterraneo
3077 1814 3084 1818 ’

2002 1882 2205 1956 oppido
2218 1882 2361 1955 apud
2379 1884 2518 1936 Ptol.
2539 1884 2632 1937 lib.
2650 1884 2726 1947 ΙΙ,
2753 1901 2871 1954 cap.
2891 1886 2944 1935 6.
2964 1883 3031 1934 H.

2087 1967 2176 2017 60.
2259 1962 2606 2017 Gerundenses.
2674 1964 2760 2015 Ab
2820 1959 3030 2033 oppido

2001 2042 2257 2097 Gerunda
2281 2043 2337 2095 in
2360 2044 2654 2106 Ausetanis,
2678 2042 2907 2095 Ptolem.
2925 2041 3029 2093 loc.

1999 2124 2092 2177 cit.
2137 2124 2297 2177 Nunc
2342 2122 2531 2176 Gir-ona
2582 2122 2786 2175 incolis.
2838 2120 3024 2173 ΗΑιιι).

2080 2208 2113 2256 6
2126 2221 2149 2255 1
2164 2243 2177 2256 .
2210 2203 2537 2257 Gessorienses
2551 2241 2565 2264 ,
2607 2220 2742 2273 quos
2773 2199 3031 2254 mendose

2003 2283 2325 2336 Cessorienses
2337 2284 2435 2336 Pin
2442 2296 2555 2336 etus
2569 2294 2725 2335 vocat
2736 2320 2752 2347 ,
2764 2299 3026 2351 nusquam

1997 2363 2101 2415 nisi
2117 2362 2259 2433 apud
2279 2363 2536 2417 Nostrum
2552 2360 2813 2415 nominati
2831 2361 3029 2431 reperi-

1997 2455 2177 2495 untur.
2206 2444 2389 2495 Hsnn.

2078 2528 2171 2576 62.
2234 2524 2397 2575 Teati.
2454 2521 2700 2586 Quorum
2758 2517 3023 2592 oppidum

1996 2598 2156 2656 Tiar-a
2180 2605 2214 2656 J
2218 2604 2325 2656 ulia
2344 2643 2359 2669 ,
2398 2604 2676 2672 Τιαριουλία.
2702 2602 2757 2654 in
2793 2604 3023 2670 Ilergao-

1994 2701 2128 2736 num
2153 2682 2295 2736 medi
2302 2683 2553 2736 terraneis
2564 2683 2866 2736 civitatibus
2878 2678 3024 2751 apud

1995 2761 2219 2817 Ptolem.
2264 2763 2366 2816 loc.
2416 2762 2503 2815 cit.
2555 2763 2648 2833 qui
2693 2764 3020 2834 Ilergaones,

1994 2855 2059 2894 ut
2089 2843 2421 2907 monuimus,
2460 2842 2600 2894 ultra
2641 2844 2897 2906 Iberum,
2964 2844 3020 2894 in

1994 2923 2471 2993 Catalauniamque
2499 2935 2803 2992 promovet.
2838 2923 3018 2976 Hum.

2076 3003 2171 3056 63.
2196 3003 2453 3054 Iulienses.
2486 3002 2598 3054 Elz.
2624 3000 2883 3055 Sulienses.
2914 3005 3014 3055 En.

2095 3086 2183 3146 64.
2247 3081 2641 3166 Aquicaldenses.
2707 3083 2794 3134 Ab
2851 3083 3017 3153 Aquis

1994 3159 2179 3214 calidis
2182 3180 2322 3234 ,quae
2336 3145 2518 3215 Υὸατα
2540 3159 2694 3231 Θερμὰ
2712 3162 3011 3224 Ptolemaeo,

1989 3241 2083 3293 lib.
2117 3243 2211 3307 11,
2249 3260 2365 3312 cap.
2383 3246 2439 3300 6,
2472 3241 2529 3293 in
2553 3241 2855 3306 Ausetanis,
2874 3262 3015 3297 nunc

1995 3320 2192 3385 Caldes,
2220 3321 2385 3374 leucis
2415 3339 2474 3374 1v
2506 3339 2538 3374 3
2562 3321 2874 3374 Barcinone.
2907 3323 2974 3374 Η.

2072 3401 2167 3464 65,
2223 3401 2454 3454 Onenses.
2497 3401 2581 3453 Ita
2622 3401 2748 3453 libri
2794 3420 3010 3466 omnes,

1991 3481 2087 3532 etsi
2129 3481 2312 3553 potius
2343 3481 2594 3532 Aunenses
2620 3499 2685 3532 ex
2715 3481 3009 3534 litterarum

1988 3560 2124 3613 serie
2154 3559 2439 3631 legendum
2462 3558 2719 3613 videatur.
2748 3560 2851 3612 ΕΙ).

2071 3642 2162 3692 66.
2206 3641 2584 3692 Baeculonenses.
2620 3640 2697 3692 Ita
2713 3639 2866 3692 MSS.
2887 3641 3007 3711 Reg.

1988 3731 2086 3772 etc.
2120 3740 2231 3773 non
2262 3721 2652 3784 Boetulonenses,
2676 3738 2706 3772 3
2735 3719 3004 3773 Baetulone

1988 3798 2196 3870 oppido
2235 3801 2476 3872 superius
2532 3812 2824 3854 memorato
2854 3818 2867 3852 τ
2899 3798 3000 3852 Sed

1987 3898 2016 3931 a
2043 3882 2292 3932 Βαικοὺλα
2320 3879 2622 3945 Ptolemaei,
2654 3880 2710 3932 in
2736 3880 3007 3932 Ausetanis

867 3954 943 4007 cis
966 3958 1182 4011 Iberum
1208 3957 1345 4011 fuit·
1331 3999 1344 4010 .
1372 3959 1513 4012 inter
1540 3979 1753 4013 amnem
1773 3980 1896 4015 eum
1984 3958 2128 4013 inter
2158 3961 2352 4013 Ansam
2377 3973 2429 4012 et
2464 3958 2793 4013 Gerundam.
2821 3959 2998 4012 lium.

867 4044 921 4085 et
943 4033 1194 4105 Pyrenaea
1212 4040 1353 4109 juga.
1382 4040 1524 4093 Cave
1545 4038 1692 4092 enim
1714 4040 1897 4094 credas

2068 4044 2164 4108 67.
2204 4040 2600 4109 Coesaraugusea.
2623 4039 2887 4092 Nummos
2904 4039 3001 4091 hu-

862 4113 931 4166 ab
958 4113 1126 4171 Edeta
1152 4117 1350 4189 oppido
1381 4117 1650 4173 Edetania
1674 4119 1783 4174 sive
1804 4121 1897 4175 Se·
1979 4121 2070 4188 jus
2102 4119 2327 4172 coloniae
2377 4117 2576 4172 indices
2616 4119 2810 4172 multos
2852 4119 3008 4172 refert
