3300 5175
1220 355 1237 400 Ι

1832 7 1950 31 ww

1200 553 1305 622 LI
1324 555 1445 622 BE
1458 555 1521 621 R
1574 555 1607 622 1
1620 555 1652 622 Ι
1667 554 1720 621 1.
2381 575 2408 621 1
2423 575 2472 622 o
2489 575 2514 621 1

390 689 447 758 si
497 689 643 782 quis
694 685 1105 756 altitudinem
1164 699 1497 755 tectorum
1544 684 1782 770 addat,
1855 669 2178 779 dignam7³
2224 684 2526 780 profecto

334 781 344 790 ’
388 795 885 864 {estimationem
920 793 1294 886 concipiat,
1324 791 1742 910 fateaturque
1777 788 2022 859 nullius
2057 791 2239 861 urbis
2269 793 2526 886 magni·

390 899 745 970 tudinem
724 925 793 969 in
828 913 973 968 toto
1008 898 1171 968 orbe
1210 899 1503 997 potuisse
1538 898 1597 966 ei
1635 897 2030 992 comparari.
2062 895 2413 968 Clauditur
2442 898 2528 966 ab
2571 903 2633 955 15

387 1007 643 1075 oriente
724 1030 965 1101 aggere
1018 1006 1388 1100 Tarquinii
1368 990 1421 1045 ⁷⁴
1464 1004 1782 1100 Superbi,
1839 1004 2013 1074 inter
2061 1005 2275 1098 prima
2329 1029 2531 1100 opere

387 1111 695 1182 mirabili.
742 1115 1049 1207 Namque
1090 1136 1243 1182 eum
1292 1113 1501 1180 muris
1546 1111 1867 1205 aequavit‚
1914 1133 2046 1202 qua
2081 1111 2366 1180 maxime
2405 1135 2530 1205 pa·-

386 1205 639 1288 tebat⁷⁵
668 1219 849 1288 aditu
886 1218 1104 1315 plano.
1176 1220 1435 1288 Caetero
1468 1219 1723 1287 munita
1759 1229 1904 1285 erat
1935 1214 2261 1336 praecelsis
2293 1220 2528 1302 muris,

384 1339 505 1394 aut
551 1326 853 1420 abruptis
896 1324 1235 1394 montibus
1258 1310 1309 1364 ⁷⁶
1332 1377 1349 1411 ,
1419 1325 1545 1394 nisi
1592 1322 1775 1418 quod
1788 1322 1837 1362 ⁷⁷
1881 1323 2314 1418 exspatiantia
2360 1337 2533 1394 tecta

385 1430 631 1502 multas
671 1431 982 1502 addidere
997 1417 1048 1471 ⁷⁸
1085 1431 1303 1500 urbes.

494 1541 577 1608 In
630 1540 847 1635 prima
898 1539 1169 1634 regione
1223 1552 1542 1632 praeterea
1595 1534 1828 1606 fuere'

1878 1561 1895 1603 ε
1973 1536 2042 1603 in
2096 1537 2293 1605 Latio
2349 1533 2530 1606 clara
2571 1549 2633 1600 16

382 1645 663 1776 oppida,
704 1643 1074 1714 Satricum²
1083 1699 1102 1732 ,
1160 1645 1495 1730 Pometia,
1532 1645 1848 1738 Scaptia,
1885 1641 2213 1729 Pitulum,
2277 1640 2528 1711 Polito-

381 1737 599 1820 rium³
622 1749 989 1871 ,Tellene‚
1061 1737 1313 1820 Tifata⁴
1331 1803 1350 1837 ,
1408 1750 1725 1835 Caenina,
1781 1750 2056 1834 Ficana,
2133 1749 2525 1819 Crustume-

380 1985 553 2038 Urbis
580 1985 745 2040 modo
766 1984 1003 2051 laudata,
1032 1986 1273 2056 regiones
1299 1986 1408 2037 Ur-

378 2065 463 2118 his
507 2083 600 2119 xxv
632 2065 797 2138 pedes
838 2063 1089 2118 dicuntur
1134 2064 1407 2118 continere

377 2163 606 2200 ccccxrx
646 2163 710 2199 ιι.
754 2163 1064 2199 nccccxxxv.
1122 2144 1307 2197 Passus
1346 2161 1407 2197 ea

341 2233 347 2242 “
378 2242 631 2278 mensura
650 2224 829 2290 efficit,
848 2225 889 2277 si
912 2222 1101 2296 pedem
1124 2242 1292 2276 unum
1311 2210 1413 2275 ad·-¹

378 2305 603 2376 jecerit,
624 2321 831 2357 Lxxxrn
862 2323 929 2356 n.
953 2321 1272 2358 ncccczxxv.
1300 2301 1406 2356 Sed

382 2384 560 2438 multo
597 2383 792 2436 certior
817 2396 1006 2438 auctor
1036 2401 1095 2436 ac
1125 2383 1272 2436 testis
1296 2382 1405 2435 Pli-

381 2465 523 2518 nius.
568 2464 749 2517 Ham).

462 2545 556 2615 73.
586 2543 822 2614 Dignam.
870 2543 1113 2597 Debitam
1132 2579 1148 2606 ‚
1198 2561 1399 2597 conve-

380 2624 635 2677 nientem.
666 2624 735 2677 H.
772 2654 853 2667 --
876 2624 1105 2677 Volebat
1128 2622 1310 2679 Dalec.
1330 2627 1405 2679 ds·-

378 2706 644 2774 gmtionis.
671 2704 778 2756 En.

462 2790 563 2853 74.
589 2784 857 2854 Tarquinii.
872 2782 1017 2836 Vide
1050 2800 1167 2855 qun
1204 2783 1404 2839 dicturi

380 2881 565 2916 sumus
594 2863 737 2915 libro
774 2864 1039 2923 xxxvl,
1082 2863 1254 2935 capite
1298 2872 1401 2934 24,

379 2960 533 2996 uum.
556 2963 608 2995 α.
638 2942 820 2996 Hm.

464 3022 561 3092 75.
590 3022 815 3075 Patebat.
836 3023 984 3077 Urbs
1008 3024 1284 3077 nimirum.
1301 3023 1370 3078 Η.

464 3106 564 3171 76.
584 3102 849 3157 Montibus.
876 3103 1169 3170 Aventino,
1203 3104 1368 3157 Caelio
1390 3144 1405 3171 ,

378 3180 665 3248 Quirinali.
686 3184 866 3235 Eum.

386 3278 559 3393 NJJ.
603 3261 719 3393 Νὶὲ·
742 3262 885 3333 quod.
912 3262 1181 3316 maluisset
1224 3264 1403 3318 Dalec.

444 3360 507 3393 88⁸
534 3360 647 3411 qua·
720 3359 776 3394 D·

460 3424 554 3488 ⁶78.
599 3420 852 3474 Addidere
914 3421 1066 3473 urbes.
1134 3416 1423 3476 Suburbia'

377 3498 584 3553 scilicet
600 3539 617 3566 ,
637 3520 755 3572 quo
778 3498 1039 3574 producta
1073 3502 1315 3572 lougius,
1334 3501 1403 3555 ad

376 3580 583 3633 vicinas
643 3581 753 3634 fere
810 3580 973 3634 urbes
1024 3582 1359 3653 pertinebant
1386 3621 1403 3650 ‚

378 3658 723 3727 Ocriculum,
734 3662 926 3727 Tibur,
942 3661 1175 3714 Ariciam
1188 3702 1204 3728 ,
1216 3676 1315 3716 etc.
1330 3661 1399 3715 H.

464 3756 513 3791 ε.
562 3742 717 3793 Fuere
760 3746 810 3793 in
858 3742 1018 3795 Latio.
1056 3740 1402 3808 Defecerant,

376 3818 583 3890 inquit,
608 3820 664 3873 in
690 3822 866 3893 prima
884 3822 1099 3891 regione
1123 3834 1401 3893 proterea,

375 3900 724 3972 primumque
760 3902 816 3954 in
850 3901 1004 3954 Latio
1040 3901 1266 3971 oppida,
1302 3915 1400 3955 etc.

375 3978 527 4032 luftu
546 3980 713 4046 enim,
730 3982 791 4034 In
808 3980 1058 4051 Campano
1072 3993 1231 4033 autem
1249 4000 1371 4051 agro
1382 4018 1398 4045 ‚

376 4068 479 4111 etc.
494 4054 593 4113 'Ex
614 4060 699 4113 his
716 4080 815 4115 nec
836 4060 970 4115 situs
985 4062 1365 4133 plerorumque
1387 4100 1401 4125 ,

376 4154 479 4191 nec
502 4140 723 4195 nomina
752 4141 863 4213 ipa
886 4152 1147 4195 constant.
1176 4140 1243 4195 Η.

466 4236 521 4270 a.
587 4218 824 4273 Soet-rhum
840 4262 857 4285 ,
926 4234 1027 4276 etc.
1098 4219 1183 4275 Ad
1254 4220 1395 4275 viam

1495 1985 1724 2058 Appiam
1746 2024 1762 2050 ,
1790 1986 1924 2038 levo
1954 1985 2120 2038 latere
2143 1985 2366 2038 Romam
2390 2003 2523 2038 euu-

1496 2065 1653 2118 tibus.
1693 2067 1866 2120 Locus
1900 2062 2066 2117 hodie
2102 2063 2392 2134 ignoratur.
2443 2066 2524 2119 De

1495 2143 1726 2210 Satrico,
1748 2145 1932 2196 Livius
1955 2144 2201 2216 pluribus
2223 2143 2354 2197 locis
2372 2183 2388 2209 ,
2419 2145 2524 2197 sci-⁸

1494 2223 1619 2276 licet
1648 2224 1743 2276 lib.
1769 2224 1880 2288 VI,
1907 2241 2027 2294 cap.
2044 2223 2113 2276 33
2139 2260 2155 2288 ,
2179 2224 2274 2276 ubi
2311 2223 2447 2276 illud
2489 2243 2520 2278 a

1493 2303 1692 2356 Latinis
1731 2315 2126 2356 concrematum
2173 2315 2388 2356 narrat:
2418 2321 2518 2357 nec

1491 2381 1643 2437 aliud
1673 2395 1870 2436 tectum
1917 2383 2034 2452 ejus
2074 2383 2390 2453 superfuisse
2421 2401 2517 2435 ur-

1491 2461 1575 2515 bis
1588 2501 1605 2528 ,
1630 2480 1790 2533 quam
1807 2462 1992 2514 Matris
2013 2461 2224 2515 Matuta
2239 2462 2513 2532 templum.

1489 2543 1643 2596 Illam
1662 2581 1678 2608 ‚
1716 2561 1857 2595 anno
1879 2541 1951 2595 U.
1983 2541 2044 2595 C.
2076 2548 2202 2613 4⁰7·
2238 2543 2304 2595 ab
2331 2543 2517 2596 Antia-

1491 2624 1633 2676 tibus
1673 2621 1902 2676 deducta
1939 2622 2150 2675 colonia
2187 2623 2478 2676 restitutam
2499 2663 2514 2687 ‚

1490 2704 1756 2774 tertioque
1781 2714 1904 2773 poet
1929 2720 2101 2766 anno,
2139 2702 2333 2755 iterum
2357 2721 2387 2755 a
2413 2705 2518 2755 Ro-

1489 2784 1661 2836 manis
1726 2781 1963 2835 dirutam
2019 2794 2176 2855 atque
2243 2782 2514 2836 incensam

1491 2860 1638 2916 addit
1664 2862 1873 2915 lib.v11
1890 2901 1906 2927 ,
1933 2880 2052 2933 cap.
2078 2881 2169 2933 ²7·
2195 2862 2316 2914 Nun
2340 2874 2514 2915 tamen

1491 2960 1555 2996 ex
1567 2943 1674 2996 hoc
1693 2956 1933 3013 tempore
1951 2943 2174 2995 omnino
2196 2942 2346 2994 nulla
2370 2942 2515 3008 facit,

1491 3040 1660 3095 quum
1679 3040 1789 3075 non
1819 3022 1978 3075 semel
1996 3023 2221 3093 posthac
2241 3021 2384 3074 illius
2409 3040 2516 3073 me-

1490 3102 1712 3155 minerit
1732 3101 1942 3166 Livius,
1963 3102 2055 3172 qui
2079 3103 2172 3155 lib.
2203 3102 2311 3166 lx,
2335 3119 2384 3155 c.
2415 3108 2480 3155 16
2498 3142 2513 3165 ‚

1492 3202 1524 3236 a
1538 3182 1754 3253 Papirio
1777 3182 2020 3243 consule,
2045 3200 2186 3235 anno
2203 3180 2274 3233 U.
2295 3184 2359 3235 C.
2381 3183 2516 3245 435,

1494 3262 1805 3328 Satricanis,
1836 3262 1930 3332 qui
1973 3262 2112 3315 cives
2155 3262 2364 3314 romani
2395 3274 2516 3333 pont

1491 3340 1786 3397 Caudinam
1812 3338 2016 3394 cladem
2045 3339 2111 3393 ad
2143 3341 2404 3394 Samnites
2425 3340 2515 3394 de·

1490 3422 1753 3486 fecerant,
1785 3438 1930 3473 arma
1950 3419 2196 3491 adempta
2213 3438 2313 3475 nos
2337 3419 2510 3476 docet.

1489 3502 1688 3555 Incola
1735 3500 2023 3571 Σατρικανοὶ
2050 3500 2311 3572 Dionysio
2341 3501 2509 3555 Halic.

1487 3582 1582 3635 lib.
1614 3582 1686 3647 V,
1711 3598 1833 3653 pag.
1867 3580 1999 3633 326.
2029 3581 2267 3634 Pometia
2295 3579 2510 3646 Suessa,

1489 3661 1558 3715 de
1578 3680 1682 3733 qua
1705 3680 1803 3713 nos
1822 3660 2068 3732 superius
2089 3662 2307 3732 egimus.
2321 3666 2367 3713 A
2389 3660 2512 3715 Sca·

1486 3743 1599 3814 ptia
1626 3740 1926 3797 Σκαπττίνιοι
1963 3737 2108 3811 apud
2145 3742 2369 3813 Dionys.
2405 3741 2512 3808 loc.

1489 3822 1577 3875 cit.
1610 3821 1795 3875 Hnm.
1819 3834 1872 3873 et
1899 3820 2002 3873 Ει).

1573 3902 1625 3954 3.
1676 3901 1963 3952 Politorium
1981 3942 1996 3963 ‚
2053 3913 2156 3953 etc.
2213 3900 2509 3972 Πολιτώριον

1490 3981 1754 4052 Dionysio
1783 3981 1949 4033 Halic.
1975 3980 2069 4033 lib.
2094 3982 2181 4032 111
2197 4018 2212 4044 ,
2231 3998 2348 4051 pag.
2381 3998 2512 4049 179,

1490 4073 1542 4114 et
1565 4060 1722 4113 Livio
1740 4098 1757 4122 ,
1786 4060 1878 4113 lih.
1907 4061 1965 4124 1,
1997 4078 2112 4131 cap.
2149 4058 2256 4123 13;
2293 4060 2510 4116 Τιλλῆνη

1490 4141 1782 4211 Dionysio,
1825 4140 1982 4193 Livio
2011 4140 2272 4203 Tellena,
2302 4139 2338 4189 Ι.
2369 4156 2419 4192 c.
2443 4138 2510 4190 Η.

1564 4227 1616 4283 4.
1671 4222 1860 4286 Tifata.
1934 4220 2102 4286 Tifata
2181 4218 2518 4272 imminentes

2123 4312 2146 4351 3

2063 4352 2100 4421 7
