3300 5175
1131 538 1450 606 LIBER
1505 538 1650 605 111.

2372 560 2471 629 29

321 670 618 768 brigae'⁹‚
655 669 1033 741 Concordia
1057 669 1267 739 Julia:
1295 670 1550 765 segidae
1567 667 1638 751 ²⁰,
1671 670 2007 738 Restituta
2034 665 2243 737 Julia:
2279 670 2470 738 Con-

323 776 648 849 tributae²¹
675 782 712 846 J
717 775 884 846 ulia:
914 773 1436 853 Ucultuniacum
1459 774 1534 865 ²²,
1555 800 1705 871 quae
1737 794 1803 843 et
1829 776 2080 868 Tui-iga
2116 800 2297 845 nunc
2334 790 2469 844 est:

325 885 799 978 Laconimurgi
817 866 891 970 ²³,
905 884 1300 953 Constantia
1330 881 1542 952 Julia:
1569 881 1923 951 Teresibus
1957 880 2379 969 Fortunales,
2406 896 2474 950 et

326 990 744 1062 Callensibus
763 979 815 1023 ²⁴
845 992 1168 1061 Emanici.
1194 992 1442 1061 Praeter
1467 974 1676 1059 haec²⁵
1698 990 1769 1057 in
1792 987 2045 1058 Celtica
2061 1038 2080 1071 ‚
2110 988 2465 1084 Acinippo,

329 1193 468 1227 mus.
488 1205 569 1218 --
589 1173 735 1227 Seria
759 1174 1046 1227 Ptolemaeo
1079 1174 1226 1244 Σιρία.
1256 1184 1354 1237 est,

327 1255 425 1308 lib.
446 1256 530 1319 11,
553 1272 671 1326 cap.
695 1260 728 1319 4
749 1292 765 1320 ,
781 1270 1089 1326 quanquam
1122 1254 1270 1305 illam
1297 1252 1355 1306 in

331 1332 650 1387 Turdetanis
664 1335 826 1399 locat,
847 1336 994 1407 juxta
1013 1333 1356 1387 Lusitaniam.

333 1414 514 1469 Hann-

423 1512 514 1563 ¹9·
541 1494 865 1563 Nertobriga.
889 1490 1200 1564 Νιρτόῧριγα
1225 1492 1360 1545 Pto-

332 1576 522 1628 lemaeo
536 1612 554 1639 ‚
587 1574 692 1627 loc.
730 1573 820 1627 cit.
855 1591 1030 1645 prope
1069 1572 1362 1628 Contribu-

336 1667 466 1719 tam,
491 1651 877 1719 Κοντριὸοῦταν.
899 1654 996 1706 Est
1017 1664 1074 1705 et
1095 1653 1198 1706 alia
1223 1652 1361 1705 Ner·

335 1732 556 1805 tobi-iga.
589 1733 982 1788 Celtiberorum
999 1770 1016 1799 ,
1055 1730 1203 1805 apud
1237 1732 1362 1785 Flo-

337 1832 496 1879 rum,
533 1813 630 1868 lib.
671 1816 758 1879 11,
797 1832 912 1885 cap.
953 1832 1056 1883 ¹7⁹
1093 1830 1217 1884 pag.
1266 1829 1360 1881 91.

337 1893 658 1965 Nertobriga
683 1894 797 1947 hec
827 1893 1035 1947 Baetica
1049 1930 1067 1958 ,
1083 1911 1231 1945 nunc
1260 1890 1318 1943 V
1311 1910 1364 1943 a·

341 1974 443 2025 Iem
467 1974 516 2025 Ia
537 1976 671 2042 veja,
685 1992 854 2045 prope
871 1972 1114 2043 ijeml,
1133 1984 1210 2025 est
1223 1968 1360 2025 Rod.

341 2053 516 2119 Caro,
541 2052 640 2106 lib.
665 2054 779 2118 ΙΙΙ,
798 2072 918 2125 cap.
945 2056 1040 2105 66.
1061 2052 1244 2105 Hann.

431 2152 520 2187 πο.
533 2131 744 2202 Segida.
765 2133 940 2186 Dalec.
963 2145 1018 2185 et
1033 2132 1144 2183 1⁴:12.
1165 2130 1362 2201 δεξιά.

340 2214 448 2267 En.
489 2244 574 2257 --
609 2213 748 2265 Huic
793 2211 1126 2283 cognominis
1167 2210 1268 2265 alia
1310 2212 1366 2265 in

343 2292 628 2347 Celtiberis
655 2293 958 2363 agnoscitur
993 2309 1024 2344 a
1057 2290 1330 2363 Stephano
1348 2328 1365 2355 ‚

343 2367 556 2443 Σιγίῶη,
583 2375 722 2433 πόλις
758 2370 1085 2443 Κιλτιὸἤρων.
1123 2371 1368 2443 Appiano

345 2453 402 2504 in
447 2453 590 2505 Iber.
639 2470 756 2523 pag.
799 2470 926 2523 ²79·
960 2448 1192 2522 rapiam,
1229 2453 1368 2512 πόλις

347 2528 660 2604 Κιλτιὸἥρων
701 2539 797 2584 τῶν
837 2539 1024 2585 Bon„
1063 2533 1334 2604 λεγομένων
1353 2569 1370 2597 ,

347 2614 452 2666 hoc
489 2626 566 2666 est
579 2651 596 2673 ,
639 2611 1020 2666 Bellitanornm
1037 2652 1052 2678 ,
1085 2611 1154 2666 de
1177 2611 1373 2684 quibus

351 2711 472 2765 cap.
499 2711 612 2766 seq.
638 2693 818 2747 Hann.

435 2791 526 2826 αι.
577 2774 894 2829 Contributa.
941 2773 1121 2827 Dalec.
1159 2785 1214 2826 et
1255 2772 1370 2826 Elz.

355 2853 658 2908 Contributa.
683 2852 1026 2908 En.—Hanc
1050 2847 1118 2906 ab
1139 2853 1376 2906 Emerita

352 2930 550 2986 distare
571 2953 698 2986 xmv
722 2953 786 2987 n.
809 2953 946 3005 pase.
961 2947 1148 2988 auctor
1169 2945 1248 2986 est
1271 2935 1378 2985 An-

353 3011 590 3066 toninus.
607 3015 672 3066 In
697 3013 978 3068 Celtiberis
997 3031 1214 3085 qnoque
1233 3013 1377 3066 Con·

355 3092 528 3146 trebia
553 3112 646 3146 seu
681 3093 1003 3147 Contributa
1032 3093 1161 3157 fuit,
1183 3090 1252 3146 de
1272 3111 1379 3165 qua

353 3171 547 3224 Florus
569 3211 585 3237 ,
635 3185 690 3226 et
737 3173 935 3226 Livius.
991 3173 1261 3246 Tamayns
1317 3171 1378 3224 in

353 3251 636 3323 Min-tyrol.
669 3253 894 3325 Hispan.
929 3250 1019 3306 die
1058 3270 1124 3305 to
1159 3254 1376 3306 Decem.

355 3344 532 3385 erutas
561 3332 637 3385 ait
672 3330 740 3385 ad
779 3331 1044 3404 oppidum
1080 3332 1284 3386 Medma
1317 3331 1379 3382 do

356 3413 432 3464 las
488 3414 664 3465 Torret
681 3449 698 3479 ,
741 3412 1110 3486 inscriptiones
1155 3411 1372 3472 multas,

354 3493 387 3545 J
393 3509 538 3545 uuaz
567 3493 846 3546 con-ram.
875 3493 1058 3546 Hum-

444 3591 536 3624 αα.
577 3573 962 3625 Ucaleuniacum.
993 3574 1058 3624 In
1082 3570 1232 3626 MSS.
1260 3571 1380 3624 Mu·

355 3651 694 3706 culeumacum.
729 3652 1006 3706 Libentius
1041 3650 1347 3722 agnoverim
1363 3687 1381 3716 ‚

355 3728 661 3798 Macultum‘,
701 3735 810 3784 item
839 3753 858 3785 .-
882 3745 944 3786 ut
981 3731 1051 3785 sit
1088 3730 1381 3796 sententia,

355 3810 520 3882 adjici
549 3813 599 3865 ei
636 3811 842 3884 oppido
880 3829 1175 3883 cognomen
1204 3809 1382 3875 idem,

356 3909 554 3964 nempe
570 3893 727 3945 Iulia.
750 3892 996 3947 Curicum
1015 3911 1044 3944 a
1068 3890 1384 3945 Contributa

359 3971 678 4026 dissitam'ait
690 3973 1008 4035 Antoninus,
1029 3987 1156 4024 xxtv
1169 3989 1231 4024 u.
1246 3989 1380 4041 pase.

361 4051 488 4105 Non
507 4066 586 4106 est
606 4053 825 4107 Carruca
843 4051 1132 4116 His-didm.
1153 4048 1221 4103 de
1231 4050 1382 4104 Bello

362 4130 516 4202 Hisp.
542 4150 663 4204 pag.
696 4136 808 4187 260
825 4171 842 4198 ,
867 4133 1070 4204 quippe
1099 4149 1216 4202 quae
1237 4132 1386 4202 juxta

361 4211 626 4266 Mundam
651 4212 849 4284 posita,
883 4213 1020 4266 ultra
1051 4212 1254 4265 Baetim.
1280 4209 1386 4265 Sed

1447 1170 1660 1227 videtur
1684 1176 1862 1225 esse'l(
1873 1172 2040 1243 οὑργια
2060 1170 2355 1236 Ptolemaei,
2375 1171 2471 1225 lib.

1449 1253 1506 1307 11
1519 1293 1536 1319 ‚
1555 1269 1673 1324 cap.
1702 1257 1734 1315 4
1747 1289 1764 1316 ,
1781 1251 1840 1303 in
1861 1250 2073 1304 Celticis
2088 1250 2311 1317 Baeticis,
2333 1250 2478 1305 baud

1448 1331 1614 1386 dubie
1633 1350 1733 1403 pro
1752 1330 2084 1401 Kobptyoeffel
2096 1332 2325 1403 Τοὺριγα.
2340 1331 2393 1383 N
2394 1350 2479 1385 am

1451 1412 1691 1465 Romana
1716 1409 1881 1463 editio
1903 1410 2029 1463 anni
2068 1416 2217 1480 ¹47⁰
2232 1450 2247 1476 ,
2268 1424 2321 1466 et
2350 1412 2481 1465 Par·

1450 1490 1646 1545 mensis
1660 1491 1788 1544 anni
1802 1509 1827 1543 1
1840 1490 2180 1561 476‚habent
2198 1491 2479 1561 Tem'gafl.

1539 1566 1642 1627 23}
1666 1572 2034 1641 Laconimurgi,
2076 1582 2179 1623 etc.
2220 1571 2287 1623 In
2320 1571 2481 1627 MSS.

1454 1653 1585 1723 ch.
1634 1664 1690 1704 et
1733 1650 1889 1705 colb.
1932 1652 2254 1719 Lacimurgoe.
2308 1652 2379 1705 Et
2422 1651 2482 1705 in

1453 1730 1779 1785 Vettonibus
1788 1729 2072 1785 Lusitaniae
2084 1730 2319 1801 populis,
2338 1728 2484 1786 unde

1453 1810 1644 1866 Celtici
1664 1810 1893 1883 profecti
1908 1821 2059 1875 sunt,
2080 1810 2481 1883 Δωνίμουργον

1454 1892 1616 1945 babet
1645 1890 1994 1953 Ptole-maus,
2018 1890 2113 1943 lib.
2144 1890 2226 1954 11,
2267 1910 2387 1961 cap.
2426 1892 2481 1947 5.

1455 1972 1615 2024 Nunc
1647 1989 1759 2024 esse
1794 1970 2117 2024 Constantina
2151 1967 2393 2033 videtur,
2424 1972 2483 2024 in

1456 2050 1765 2111 Andalusia‚
1788 2069 1949 2122 supra
1960 2050 2198 2121 Per'iqflor
2212 2069 2233 2102 .·
2250 2069 2348 2104 nec
2362 2071 2486 2123 pro-

1456 2132 1544 2185 cul
1575 2129 1703 2185 inde
1723 2131 1943 2193 Tereses
1963 2143 2179 2183 tenuere
2200 2130 2484 2203 oppidum,

1457 2211 1552 2264 ubi
1581 2210 1638 2263 S.
1662 2211 1843 2263 Nic-olo
1871 2210 1955 2263 del
1974 2210 2485 2265 Panna—Temen

1459 2310 1490 2344 a
1530 2290 1911 2343 Fortunalibus
1949 2308 2227 2361 perperam
2266 2291 2489 2345 secernit

1459 2369 1964 2424 Pseudo-Maximus
1982 2370 2039 2422 in
2066 2369 2359 2423 Chronico.
2386 2372 2489 2425 Co·

1459 2451 1618 2503 loniae
1641 2449 1965 2506 Constantia
1988 2445 2189 2502 mentio
2208 2449 2351 2522 apud
2378 2450 2488 2523 ny-

1460 2548 1580 2604 gen.
1619 2530 1716 2583 lib.
1762 2528 1831 2583 de
1867 2529 2085 2586 limitib.
2120 2530 2329 2586 constit.
2365 2550 2485 2604 pag.

1469 2629 1490 2664 ι
1500 2611 1596 2682 95,
1613 2610 1706 2665 sed
1718 2612 1787 2664 ab
1800 2609 1916 2674 ista,
1932 2623 1989 2664 ut
2003 2624 2151 2682 puto,
2165 2609 2404 2666 diversa.
2415 2612 2487 2666 Η.

1549 2699 1638 2757 24.
1682 2691 2001 2746 Callensibus.
2038 2692 2285 2755 Quorum
2323 2693 2488 2765 oppi-

1463 2771 1596 2825 dum
1656 2771 1865 2825 Cazaua
1895 2809 1912 2837 ,
1972 2774 2122 2842 juxta
2174 2771 2385 2836 Alanis,
2437 2786 2491 2826 et

1465 2851 1524 2906 S.
1545 2852 1725 2907 Νεωιο
1756 2852 1840 2903 det
1874 2852 2074 2904 Puereo.
2110 2839 2252 2905 nod.
2290 2853 2486 2912 carus,

1465 2933 1562 2986 lib.
1596 2932 1710 2998 111,
1742 2951 1861 3002 cap.
1902 2950 1998 3003 7⁰·
2035 2931 2181 2985 Olim
2210 2933 2489 2992 Calentum

1467 3012 1667 3066 dictum
1681 3050 1696 3077 ,
1710 3031 1773 3064 ex
1786 3011 1963 3064 Plinio
1980 3011 2097 3084 ipso
2108 3051 2125 3077 ‚
2143 3011 2236 3066 lib.
2256 3013 2491 3077 XXXV,

1469 3111 1588 3165 cap.
1617 3097 1713 3160 49.
1736 3091 1921 3145 flant).

1553 3174 1646 3227 25.
1674 3171 1867 3224 Pram-
1885 3172 2005 3224 ltoec.
2027 3163 2295 3226 Ᾱιιινίππω
2312 3151 2503 3224 Ptole-J

1471 3270 1634 3318 maeo,
1657 3251 1754 3306 lib.
1792 3252 1878 3316 11,
1920 3269 2037 3322 cap.
2081 3257 2141 3315 4,
2184 3251 2242 3304 in
2286 3250 2493 3304 Baeticia

1467 3331 1681 3385 Celticis
1698 3370 1714 3396 ,
1749 3343 1803 3383 et
1830 3323 2058 3402 Ᾰροῦνδα
2075 3369 2093 3396 ,
2122 3343 2176 3384 et
2206 3323 2400 3404 Ᾰροῦκι.
2427 3333 2492 3384 In

1465 3429 1690 3464 nummo
1713 3422 1920 3476 vetere,
1946 3410 2090 3482 apud
2112 3409 2247 3464 nod.
2272 3413 2491 3476 Carum,

1465 3491 1560 3545 lib.
1579 3492 1684 3556 111,
1695 3509 1811 3560 cap.
1835 3489 1927 3562 57.
1948 3492 2205 3546 Acutn‘o.
2225 3491 2332 3546 Sed
2346 3489 2496 3544 idem

1468 3571 1638 3626 carus
1678 3583 1731 3624 et
1767 3571 2186 3642 Acinipponcm,
2225 3585 2278 3625 et
2317 3575 2497 3624 Arun-

1469 3649 1594 3705 dam
1609 3691 1625 3716 ‚
1647 3663 1703 3704 ct
1726 3651 1949 3716 Arucci,
1971 3663 2026 3704 et
2058 3664 2243 3706 coetera
2276 3671 2394 3723 quae
2416 3669 2495 3704 sc-

1469 3745 1711 3803 quuntur
1730 3730 1962 3802 oppida,
1988 3749 2182 3802 magno
2203 3749 2383 3785 errore
2404 3748 2495 3784 ex-

1472 3823 1554 3864 tra
1567 3811 1813 3865 Baeturioe
1830 3810 2110 3878 celticam,
2122 3829 2240 3883 quae
2254 3824 2365 3865 tota
2378 3812 2493 3864 Ana

1473 3903 1526 3944 et
1550 3891 1681 3945 Baeti
1710 3891 1957 3944 amnibus
1979 3889 2264 3954 clauditur,
2294 3892 2403 3945 fere
2426 3888 2495 3942 ad

1474 3968 1799 4024 Gaditanum
1835 3971 2035 4024 fretum
2068 3971 2296 4042 ablegat,
2328 3987 2497 4041 prope

1471 4049 1769 4112 Mundam,
1810 4070 2006 4104 vocum
2042 4051 2299 4104 affinitate
2338 4047 2497 4102 indu·

1473 4143 1590 4184 ctus
1641 4131 1698 4202 in
1750 4128 2013 4184 fraudem.
2066 4130 2133 4184 H.
2160 4161 2242 4172 --
2280 4127 2501 4182 Arunda

1473 4229 1617 4264 nunc
1639 4212 1831 4264 Rauda.
1860 4212 2027 4264 Bnor.
2053 4239 2134 4252 --
2154 4208 2302 4263 Hanc
2326 4223 2503 4264 autem

2504 1020 2567 1056 11
