3300 5175
789 479 937 568 184
1312 483 1391 553 C.
1444 478 1787 550 PLINII
1837 481 2057 552 NAT.
2113 478 2366 549 HIST.

782 611 921 682 lum
948 609 1167 680 nobile
1194 611 1350 681 vino
1378 612 1702 680 Pucinum
1726 610 1774 651 ¹⁷
1811 635 1826 678 :
1859 595 2341 706 Tergestinus¹⁸
2381 609 2594 689 sinus,
2633 607 2900 680 colonia

782 720 1129 812 Tergeste,
1170 715 1407 786 xx111¹⁹
1440 741 1524 787 Μ.
1592 741 1768 812 pass.
1823 716 1908 786 ab
1971 714 2287 810 Aquileia.
2334 713 2528 784 Ultra
2565 739 2764 808 quam
2815 739 2894 784 vi

788 846 869 892 u.
899 848 1073 941 pass.
1109 820 1158 847 ²⁰
1187 824 1453 892 Formio
1482 824 1728 910 amnis,
1770 822 1854 891 ab
1887 824 2207 890 Ravenna
2255 844 2541 891 cmxrx
2589 843 2669 889 Μ.
2719 843 2892 914 pass.

786 925 1128 1024 antiquus²
1137 925 1403 999 ‘auctae
1434 927 1637 998 Italiae
1663 929 2010 1015 terminus,
2031 951 2208 996 nunc
2233 949 2390 996 vero
2418 926 2660 996 Istriae:
2691 949 2892 1019 quam

786 1035 1380 1130 cognominatam²²
1418 1058 1459 1102 a
1498 1034 1768 1103 flumine
1818 1037 2031 1119 Istro,
2083 1033 2152 1100 in
2199 1031 2464 1101 Adriam
2505 1030 2816 1102 effluente
2852 1055 2894 1100 e

784 1138 1097 1209 Danubio
1111 1163 1335 1219 amne,
1362 1125 1783 1233 eodemque²³
1802 1143 2006 1257 Istro,
2032 1137 2378 1207 adversum
2403 1137 2562 1206 Padi
2581 1123 2872 1206 fauces⁸⁴
2872 1187 2892 1221 ‚

786 1247 1144 1375 contrario5
1173 1269 1403 1314 eorum
1450 1270 1770 1340 percussu
1815 1245 1980 1314 mari
2037 1243 2380 1372 interjecto
2443 1241 2892 1328 dulcescente,

785 1337 1144 1444 plerique²⁵
1186 1351 1409 1420 dixere
1457 1349 1658 1436 falso,
1712 1363 1780 1452 et
1841 1334 2134 1443 Nepos²⁶
2174 1351 2373 1417 etiam
2429 1347 2588 1416 Padi
2643 1345 2888 1417 accola.

720 1465 751 1518 3
786 1453 1023 1524 Nullus
1046 1457 1221 1538 enim
1234 1479 1317 1524 ex
1339 1455 1651 1525 Danubio
1691 1455 1900 1524 amnis
1933 1456 2004 1523 in
2043 1477 2223 1524 mare
2255 1453 2657 1525 Adriaticum
2687 1452 2894 1522 effun-

784 1559 979 1630 ditur.
1017 1564 1351 1656 Deceptus
1396 1559 1595 1630 credo
1628 1613 1647 1647 ,
1695 1561 2004 1656 quoniam
2053 1562 2232 1653 Argo
2276 1559 2459 1628 navis
2505 1558 2774 1628 flumine
2821 1559 2890 1626 in

778 1689 963 1734 mare
1013 1667 1421 1736 Adriaticum
1478 1666 1814 1736 descendit
1831 1719 1852 1754 ,
1893 1690 2030 1734 non
2083 1663 2317 1760 procul
2371 1667 2715 1759 Tergeste,
2766 1689 2890 1733 nec

773 1770 911 1865 jam
966 1785 1225 1841 constat
1296 1797 1430 1866 quo
1482 1772 1771 1841 flumine.
1848 1773 2157 1840 Humeris
2229 1784 2589 1840 travectam
2653 1767 2852 1864 Alpes
2869 1823 2890 1858 ,

778 1875 1225 1973 diligentiores
1253 1877 1301 1917 ²⁷
1364 1877 1651 1948 tradunt.
1725 1877 2010 1947 Subiisse
2080 1891 2302 1945 autem
2375 1879 2552 1946 Istro
2595 1863 2666 1957 ²⁸,
2736 1875 2891 1945 dein

862 2035 948 2089 17.
1004 2020 1252 2074 Pucinum.
1308 2022 1545 2074 Ποῦκινον
1616 2019 1792 2075 Ptole·
1880 2037 1996 2074 eem
2041 2018 2238 2071 tradunt
2275 2016 2544 2072 abundare
2561 2056 2579 2083 ,
2620 2033 2794 2090 neque
2831 2019 2890 2074 in

780 2115 913 2150 mmo
936 2116 950 2151 ε
986 2098 1177 2152 ineolis
1205 2099 1373 2152 Caseel
1396 2100 1592 2166 Desino,
1626 2117 1794 2172 prope
1881 2100 2006 2152 Vet.
2027 2098 2259 2168 exempl.
2287 2115 2461 2170 neque
2483 2097 2541 2150 in
2569 2097 2752 2151 Chiffl.
2780 2115 2890 2152 esse

776 2175 1087 2244 Timavum,
1124 2178 1281 2232 etiam
1310 2197 1454 2232 nune
1486 2180 1686 2231 Timavo
1717 2179 1798 2233 di·
1881 2177 2253 2248 Daleeumpius
2275 2177 2485 2230 fatetur.
2513 2177 2615 2229 En.

777 2256 1251 2310 otum.DePucino
1262 2256 1388 2310 inde
1404 2257 1792 2328 cognominato.
1958 2257 2048 2310 23.
2087 2256 2362 2329 Eodemque
2365 2293 2459 2310 .....
2481 2258 2672 2322 fauces.
2706 2256 2890 2310 Dalec.

780 2331 989 2389 dicetur
1014 2335 1109 2388 lib.
1134 2337 1289 2402 xlv,
1314 2355 1431 2408 cap.
1463 2337 1516 2390 8.
1544 2338 1728 2390 Hum.
1885 2361 1908 2384 ι
1930 2335 2207 2406 eidemque
2240 2337 2378 2389 Istro
2412 2353 2478 2389 ex
2509 2334 2729 2388 advene
2755 2334 2890 2388 Padi

866 2432 890 2468 1
903 2415 954 2468 8.
979 2416 1030 2467 T
1025 2419 1301 2484 «er-gestiam.
1328 2415 1481 2482 Golfo
1504 2415 1558 2468 da·
1579 2417 1630 2468 T
1626 2420 1792 2482 rime,

779 2490 837 2546 id
878 2492 1020 2545 enim
1060 2493 1111 2546 ei
1150 2513 1295 2548 nune
1337 2511 1549 2566 quoque
1589 2494 1791 2566 oppido

779 2590 976 2625 nomen
990 2587 1007 2637 ;
1022 2574 1266 2643 Τίργηςον
1282 2574 1487 2627 κολωνία
1503 2573 1791 2628 Ptolemae

780 2652 883 2705 loc.
911 2650 1002 2705 eit.
1030 2650 1210 2706 Eum.

866 2748 952 2799 19.
989 2724 1195 2783 XXIII
1227 2730 1302 2783 M.
1334 2732 1633 2785 Antoninus
1663 2750 1790 2785 xxiv

780 2826 843 2863 u.
870 2826 1007 2880 pass.
1037 2807 1260 2876 Strabo,
1282 2809 1377 2863 lib.
1404 2811 1477 2878 V,
1500 2828 1621 2882 pag.
1657 2810 1786 2873 215,

778 2887 959 2943 studiis
1002 2888 1139 2955 180,
1177 2890 1282 2943 hoc
1318 2900 1427 2955 est,
1464 2906 1600 2943 xxn.
1630 2908 1699 2943 u.
1732 2910 1789 2943 n.

776 2986 910 3039 pass.
938 2968 1115 3021 Ham).
1144 2999 1224 3011 —
1250 2968 1396 3039 Lego
1424 2968 1693 3021 XXXIII
1713 2970 1788 3023 M.

777 3048 861 3101 Ita
897 3046 1049 3101 MSS.
1090 3048 1218 3118 neg.
1250 3045 1567 3101 Laudinian.
1600 3049 1787 3104 Ambr.

778 3138 832 3181 et
860 3124 1023 3180 editio
1048 3127 1311 3197 princeps.
1340 3126 1484 3180 Male
1517 3128 1574 3179 in
1603 3146 1788 3182 recen-

776 3203 999 3258 tioribus
1017 3204 1378 3273 emendatum,
1396 3206 1617 3259 XXIII.
1638 3209 1790 3261 Inter

777 3282 1079 3355 Aquileiam
1105 3296 1161 3339 et
1183 3285 1487 3357 Ten-gestem
1522 3298 1646 3339 sunt
1667 3306 1787 3358 pas·

776 3378 862 3414 sus
888 3361 1115 3433 amplius
1136 3365 1318 3426 XXX
1332 3364 1409 3417 M.
1434 3366 1605 3419 Bnooe.

860 3458 945 3493 zo.
982 3441 1199 3495 Formio·
1228 3444 1385 3497 Nune
1423 3444 1622 3498 Rism.
1658 3444 1785 3497 Pto·

777 3518 961 3575 lemno
976 3559 994 3583 ‚
1022 3522 1259 3592 Φορμίων.
1286 3521 1466 3576 Hau.

858 3614 948 3651 21.
973 3598 1233 3672 Ama‘qnus.
1262 3601 1441 3655 Dalec.
1481 3628 1504 3649 ι
1538 3602 1786 3674 antiquus

707 3740 713 3743 .
772 3676 939 3730 Italia
979 3690 1164 3732 auctus
1199 3680 1469 3734 terminus.
1498 3704 1523 3729 ι
1564 3680 1669 3735 En.
1703 3711 1783 3724 -

770 3758 909 3811 Ante
929 3756 1245 3811 divisionem
1267 3758 1432 3812 Italia
1454 3760 1522 3813 ab
1542 3760 1782 3831 Augusto

770 3834 1081 3890 institutam.
1108 3838 1319 3891 Hans

852 3935 940 3969 η.
965 3914 1361 3987 Cognominatam
1373 3918 1619 3989 aflum‘ne
1633 3917 1779 3970 Istro.

768 3994 947 4049 Doleo.
1012 4010 1066 4051 et
1123 3996 1235 4050 Elz.
1295 4022 1318 4045 ι
1353 3997 1778 4067 cognominatam

766 4073 982 4129 tradunt
1012 4094 1043 4129 a
1072 4075 1290 4130 flumine
1321 4078 1474 4130 Istro.
1492 4102 1514 4123 a·
1551 4074 1658 4131 Sed
1682 4096 1780 4130 vo·

1877 2407 2068 2468 fauees.
2091 2439 2113 2461 a·
2151 2415 2257 2466 En.

1961 2500 2052 2557 ²4·
2084 2493 2286 2546 Fauces.
2313 2493 2438 2546 Vet.
2466 2511 2553 2564 ap.
2578 2493 2758 2546 Dalec.
2771 2492 2890 2560 fisu-

1877 2572 2022 2626 cibus.
2049 2572 2152 2625 En.

1959 2650 2050 2707 25.
2083 2652 2308 2721 Plerique
2332 2652 2511 2705 dium.
2533 2651 2742 2705 Auctor
2760 2651 2885 2705 libri

1878 2731 2066 2784 mirab.
2086 2731 2324 2784 Auscult.
2349 2750 2471 2803 pag.
2496 2750 2518 2785 1
2535 2748 2654 2802 190·
2678 2730 2887 2785 Auctor

1875 2809 2078 2881 Peripli
2097 2810 2255 2864 Ponti
2285 2812 2509 2876 Euxini,
2530 2828 2654 2881 pag.
2685 2828 2768 2863 10.
2795 2810 2890 2863 Ti·

1876 2901 2131 2959 magnes,
2158 2892 2206 2943 lv
2229 2896 2302 2961 τῷ
2319 2890 2498 2961 πρώτῳ
2521 2889 2634 2959 περὶ
2651 2891 2882 2960 λιμένων,

1874 2965 2018 3040 apud
2053 2966 2227 3021 Schol.
2271 2969 2522 3040 Apollon.
2553 2966 2623 3021 ad
2657 2969 2752 3022 lib.
2781 2969 2883 3035 1v,

1872 3068 1926 3101 v.
1977 3046 2103 3101 250.
2141 3048 2523 3121 Theopompus
2553 3046 2702 3119 apud
2737 3049 2884 3101 Stra-

1873 3128 2002 3181 bon.
2028 3126 2127 3180 lib.
2147 3127 2286 3194 vn,
2314 3145 2370 3198 p.
2399 3126 2540 3198 317,
2560 3126 2774 3199 aliique.
2796 3128 2864 3180 Η.

1958 3210 2050 3261 26.
2098 3206 2174 3259 Ee
2210 3206 2386 3277 Nepos.
2433 3204 2521 3261 Sic
2557 3224 2642 3281 ap.
2695 3205 2880 3260 Chiffl.

1873 3284 2050 3339 Delec.
2091 3298 2146 3339 et
2179 3285 2296 3338 Elz.
2339 3295 2435 3339 eet
2471 3284 2652 3356 Nepos
2679 3284 2882 3339 Corne-

1871 3364 1991 3419 lim.
2011 3390 2034 3413 n
2067 3370 2168 3417 ΕΙ).

1955 3462 2046 3513 ²7·
2069 3443 2428 3513 Diligentiores.
2455 3442 2684 3515 Propius
2702 3456 2880 3497 tamen

1871 3539 1902 3574 a
1941 3540 2068 3575 vero
2113 3522 2372 3593 scymnus
2420 3522 2598 3576 abesse
2641 3521 2879 3588 videtur,

1871 3601 1963 3671 qui
1989 3599 2443 3673 quemadmodum
2467 3601 2628 3655 refert
2649 3600 2880 3673 Apollo·

1869 3679 1950 3731 nii
2005 3679 2183 3733 Schol.
2219 3678 2289 3734 ad
2329 3680 2424 3733 lib.
2468 3681 2552 3732 IV
2588 3682 2788 3752 Argon.
2824 3700 2880 3735 ν.

1874 3760 2008 3823 284,
2038 3758 2113 3812 ait
2136 3777 2164 3811 a
2185 3758 2352 3813 Tanai
2374 3776 2528 3813 amne
2556 3759 2613 3813 in
2635 3758 2882 3813 mediter-

1868 3855 2087 3891 raneum
2105 3856 2275 3901 mare,
2297 3850 2453 3911 atque
2475 3836 2602 3892 inde
2615 3840 2673 3892 in
2690 3838 2878 3892 Adria-

1869 3916 2033 3971 ticum
2059 3915 2404 3973 descendisse.
2428 3918 2609 3971 Han.

1950 3999 2042 4052 28.
2095 3998 2236 4049 Istro.
2291 3998 2339 4049 A
2387 3996 2553 4050 Tanai
2607 3997 2875 4068 primum,

1868 4076 2146 4146 Pontoque
2181 4075 2392 4131 Euxino
2439 4076 2496 4129 in
2534 4075 2838 4130 Danubium
2856 4110 2875 4140 ,
