3300 5175
1126 507 1447 573 LIBER
1505 508 1653 573 ΙΙΙ.
2290 450 2293 455 ¹
2364 502 2457 573 85

321 636 574 705 flumen
581 650 666 765 ³et
690 632 921 703 insula.
953 632 1223 703 Fluvius
1250 620 1726 729 Nymphaeus³⁰
1731 686 1750 720 ‚
1778 618 2101 703 Clostra³¹
2140 634 2461 703 Romana.

319 726 631 811 Circeii³²
669 740 1002 834 quondam
1042 740 1308 809 insula
1289 765 1614 809 immenso
1645 739 1909 833 quidem
1966 740 2132 807 niari
2183 742 2465 809 circum-

319 846 517 933 data,
571 840 685 935 (ut
738 845 1030 916 creditur
1082 850 1378 915 Homero
1397 831 1488 935 ³³)
1541 860 1612 914 at
1653 870 1833 915 nunc
1878 844 2163 939 planitie.
2212 848 2465 915 Mirum

323 966 458 1038 est,
495 952 676 1045 quod
712 951 840 1020 hac
875 951 958 1021 de
994 976 1066 1019 re
1102 951 1362 1021 tradere
1406 952 1755 1021 hominum
1804 952 2051 1019 notitiae
2092 976 2464 1044 possumus.

315 1057 826 1177 Theophrastus
841 1044 917 1144 ³⁴,
969 1060 1081 1152 qui
1142 1060 1395 1153 primus
1449 1072 1875 1129 externorum
1924 1053 2142 1151 aliqua
2192 1057 2276 1125 de
2330 1059 2464 1128 Ro-

321 1168 544 1235 manis
569 1161 944 1258 diligentius
975 1166 1280 1258 scripsit.
1316 1156 1506 1252 (nam
1537 1165 2044 1259 TheopompuS,
2082 1178 2236 1231 ante
2267 1189 2465 1257 quem

320 1294 526 1339 nemo
565 1272 971 1339 mentionem
1019 1269 1302 1355 habuit,
1349 1270 1602 1340 Urbem
1650 1271 1973 1339 duntaxat
2020 1294 2060 1337 a
2104 1267 2316 1339 Gallis
2356 1294 2465 1339 ca-

323 1389 510 1469 ptam
555 1375 761 1446 dixit.
793 1374 1174 1445 Clitarchus
1211 1375 1298 1444 ab
1343 1401 1424 1447 eo
1457 1377 1831 1472 proximus,
1882 1374 2323 1506 legationem³
2319 1390 2464 1445 tan-

317 1496 470 1550 tum
528 1481 614 1551 ad
666 1480 1114 1552 Alexandrum
1171 1484 1482 1552 missam:
1503 1476 1530 1573 )
1582 1483 1693 1552 hic
1744 1482 1880 1576 jam
1932 1468 2351 1578 plusquam³⁵
2400 1498 2467 1552 et

317 1572 572 1659 fama³⁶
577 1641 594 1673 ‚
657 1589 1068 1659 Circeiorum
1086 1572 1136 1627 ³⁷
1195 1588 1420 1658 insulae
1473 1614 1851 1659 mensuram
1866 1574 1919 1615 ³⁸
1978 1590 2197 1683 posuit
2256 1589 2467 1657 stadia

323 1696 700 1790 octoginta,
737 1696 804 1763 in
843 1720 922 1763 eo
954 1693 1320 1781 volumine,
1365 1695 1544 1791 quod
1581 1696 1842 1789 scripsit
1883 1694 2223 1765 Nicodoro
2258 1694 2461 1764 Athe·

323 1962 408 1977 -—-
421 1932 510 1985 Sic
527 1930 746 2004 quidem
767 1931 1106 1999 Hardninns;
1131 1952 1231 2005 ego
1251 1950 1344 1986 au·
1436 1947 1516 1988 est
1550 1974 1566 2000 ‚
1617 1935 1831 1987 Oceano
1887 1952 2080 2005 magno
2138 1931 2465 1987 circumdata

324 2024 436 2064 tem
449 2012 506 2065 in
525 2012 731 2083 mappis
746 2012 1131 2083 probatissimis
1145 2012 1345 2065 flumen
1433 2031 1596 2084 quam
1627 2007 1808 2067 Αἰαὶαν
1841 2026 2026 2077 vocat,
2056 2030 2211 2065 versu
2242 2012 2349 2065 135
2369 2052 2385 2077 ,
2412 2025 2465 2065 et

325 2090 493 2144 hodie
521 2092 683 2145 Canai
700 2090 755 2143 di
774 2091 936 2145 Coma
961 2091 1164 2145 dictum
1191 2110 1345 2162 repe·
1430 2099 1495 2156 λ,
1527 2111 1615 2162 70.
1646 2094 1767 2165 Ipsa
1798 2103 1902 2156 est,
1952 2092 2202 2164 inquam,
2228 2110 2345 2164 quae
2375 2111 2463 2163 φυ-

323 2169 406 2237 ri,
431 2170 761 2241 insulamque
807 2169 946 2223 inter
981 2173 1093 2243 ejus
1132 2170 1346 2224 brachia
1433 2171 1604 2233 σῖζωος
1629 2166 1729 2227 Αἶα
1768 2171 1837 2223 ab
1878 2171 2065 2226 eodem
2106 2182 2347 2236 vocatur,
2396 2178 2457 2233 λ,

321 2249 479 2303 sitam
492 2250 642 2303 nullo
655 2249 873 2302 nomine
883 2248 1227 2321 designatam.
1240 2252 1344 2303 En.

411 2330 501 2383 3ο.
544 2328 856 2402 Nymphoeus.
903 2328 1063 2382 Nunc
1091 2330 1166 2380 La
1189 2329 1348 2397 Ninsa

315 2406 528 2463 dicitnr
550 2424 566 2462 ε
597 2411 746 2479 cujus
775 2425 961 2461 verum
986 2409 1180 2461 ostium
1207 2409 1348 2463 inter

323 2488 564 2541 Circeios
573 2488 979 2543 etTerracinam
995 2505 1009 2540 :
1023 2489 1187 2541 altero
1199 2486 1346 2559 quod

323 2567 487 2622 Plinii
529 2579 678 2622 oetate
719 2567 848 2634 fu‘it,
881 2566 948 2622 ad
983 2568 1162 2621 fauces
1201 2568 1344 2622 lacus

325 2648 582 2718 Fogliam',
598 2666 756 2701 arena
772 2647 1010 2718 oppleto.
1027 2648 1128 2700 1101
1135 2660 1264 2700 sten.
1276 2647 1346 2701 Η.

315 2775 324 2783 .
411 2725 504 2780 3ι.
537 2727 748 2781 Clostm.
779 2728 916 2780 Latii
940 2729 1135 2780 veteris
1163 2727 1347 2792 limes,

323 2819 386 2860 et
435 2807 662 2860 claustra
713 2806 918 2879 antiqui
971 2805 1192 2878 Imperii
1209 2847 1224 2872 ,
1277 2806 1348 2860 ad

323 2885 654 2940 coercendos
699 2887 941 2940 Volscos.
979 2887 1083 2940 Vel
1123 2886 1347 2940 claustra

323 2966 506 3020 forsan
527 2966 662 3020 ostio
687 2965 970 3038 Nymphai
990 2965 1160 3019 amnis
1183 2985 1348 3037 oppo-

322 3044 460 3107 sita,
485 3058 543 3098 ut
567 3045 870 3098 Holstenius
893 3046 1136 3116 conjicit,
1162 3058 1347 3099 contra

323 3125 440 3178 vim
473 3123 697 3189 Oceani,
718 3143 790 3176 ne
814 3125 1122 3197 oppleretur
1152 3142 1343 3178 arena:

323 3203 474 3276 qnod
506 3217 688 3275 postes
715 3203 1068 3258 nihilominus
1094 3204 1345 3258 effectum

323 3297 426 3338 est.
444 3284 624 3338 Hsnn.

411 3365 443 3416 3
455 3382 482 3415 s
493 3403 508 3416 .
524 3364 718 3418 Circeii.
731 3363 1006 3436 Oppidum
1026 3365 1346 3418 Volscorum

323 3443 460 3507 fuit,
485 3445 700 3512 Κιρκαὶα
720 3446 856 3505 πόλις
885 3445 1144 3514 Dionysio
1171 3443 1343 3496 Halic.

323 3522 425 3576 lib.
442 3523 604 3588 VIII,
624 3542 746 3595 pag.
769 3531 904 3592 490,
934 3526 1085 3595 cujus
1105 3525 1163 3576 in
1183 3521 1346 3576 rude-

323 3602 482 3656 ribus
506 3619 651 3656 nunc
677 3621 842 3674 pagus
863 3616 940 3656 est
954 3601 1009 3656 S.
1028 3603 1234 3656 Felica'ea
1248 3642 1263 3665 ,
1289 3602 1347 3653 in

325 3679 602 3736 radicibus
658 3683 854 3736 Circeii
897 3683 1090 3735 montis
1115 3721 1132 3749 ,
1179 3683 1349 3735 Monte

333 3761 561 3815 Cir-cello.
579 3761 680 3815 Hic
699 3762 858 3816 Circe
885 3762 1020 3815 Solis
1041 3761 1150 3815 filia
1176 3759 1348 3815 credi-

329 3853 420 3894 tur
442 3841 718 3896 habitasse.
746 3842 966 3913 Dionys.
989 3842 1082 3894 lib.
1108 3843 1208 3906 lv,
1230 3859 1346 3912 pag.

335 3925 463 3974 260.
485 3920 665 3974 Hann-

416 3999 506 4054 33.
553 4001 780 4054 Homero.
817 4000 1008 4074 Odyss.
1045 4021 1107 4068 x,
1132 4021 1185 4054 v.
1224 4008 1350 4068 ¹9⁴·

333 4079 456 4132 Non
497 4080 755 4134 intellexit
779 4081 1074 4134 Homerum
1099 4082 1209 4135 hoc
1229 4082 1350 4134 loco

329 4159 554 4218 Plinius.
586 4161 767 4215 Circes
797 4162 994 4227 insula,
1026 4161 1144 4234 ipsa
1167 4162 1351 4214 Tellus

1431 2268 1588 2303 versu
1632 2252 1771 2316 300,
1810 2251 2061 2321 quoniam
2095 2250 2263 2322 gignit
2303 2249 2465 2321 quid·

1433 2328 1562 2401 quid
1604 2348 1742 2401 opus
1774 2341 1854 2382 est
1885 2328 2088 2383 alendis
2121 2330 2458 2383 mortalibus.

1433 2408 1677 2462 Fratrem
1704 2410 1873 2464 Circa!
1906 2407 2056 2463 dedit
2089 2410 2371 2473 Homerus,
2401 2432 2461 2483 μ,

1431 2506 1590 2541 versu
1627 2488 1757 2559 137,
1785 2507 1946 2560 quem
1985 2488 2194 2551 AEeten,
2241 2489 2457 2545 Αἰήτην.

1433 2567 1537 2622 hoc
1566 2580 1673 2636 est,
1695 2579 2026 2634 terrestrem,
2055 2580 2227 2622 vocat.
2255 2568 2455 2621 Ambos

1433 2647 1589 2718 fingit
1617 2667 1685 2702 ex
1711 2648 1831 2702 Sole
1860 2648 2061 2720 genitos
2080 2687 2097 2715 ,
2123 2661 2177 2702 et
2206 2649 2457 2722 Nympha

1433 2727 1621 2793 Persa,
1641 2727 1843 2781 Oceani
1860 2728 1988 2780 filia.
2010 2727 2113 2781 Hic
2136 2727 2331 2787 Circes,
2350 2729 2457 2784 sive

1433 2806 1662 2861 Telluris
1685 2808 1847 2860 frater
1863 2844 1880 2871 ,
1907 2808 2057 2878 vigor
2079 2821 2155 2862 est
2181 2806 2355 2861 telluri
2380 2809 2459 2860 in·

1433 2888 1585 2952 situs,
1628 2905 1693 2940 ex
1722 2886 1845 2940 Sole
1877 2887 2159 2958 inprimis,
2196 2905 2356 2958 quem
2386 2888 2455 2940 ali

1433 2965 1632 3020 finxere
1657 2967 1808 3037 aquis
1831 2966 2047 3022 Oceani.
2075 2967 2253 3022 Hsnn.

1517 3045 1604 3110 34.
1638 3047 2008 3118 Theophrastus.
2033 3046 2200 3100 Libro
2218 3047 2292 3110 V,
2320 3045 2453 3098 Hist.

1432 3125 1598 3196 plant.
1629 3145 1745 3197 cap.
1778 3145 1830 3195 9.
1856 3127 2039 3179 Ham).

1516 3205 1608 3260 35.
1630 3206 1849 3276 Hicjam
1862 3203 2455 3277 pleuquam,Theopl1ra-

1433 3295 1574 3351 stus,
1618 3285 1828 3357 inquit,
1877 3286 2207 3339 Circeiorum
2271 3283 2456 3338 insulas

1433 3382 1734 3418 mensuram
1758 3362 2015 3420 tradendo
2030 3403 2047 3429 ,
2070 3364 2269 3418 certius
2294 3381 2454 3434 quam

1435 3463 1465 3498 e
1495 3443 1631 3496 fama
1659 3445 1968 3514 incertoque
1991 3463 2240 3510 rumore,
2269 3441 2454 3516 prodi·

1433 3521 1516 3576 dit
1541 3521 1610 3576 de
1640 3542 1719 3577 ea.
1745 3525 1925 3577 Han.

1518 3603 1613 3659 36.
1645 3605 1721 3656 Et
1738 3605 1897 3671 fama.
1924 3603 2156 3656 Volebat
2180 3602 2469 3675 Menagius.

1433 3681 1502 3736 ad
1521 3683 1751 3736 auctoris
1772 3684 2087 3754 marginem,
2107 3686 2334 3752 exsama.
2352 3685 2457 3736 En.

1517 3763 1610 3834 37.
1658 3765 1965 3817 Circeiomm.
2010 3762 2192 3818 Chim.
2240 3763 2457 3816 Cerceio-

1437 3861 1558 3895 rum.
1585 3845 1689 3897 En.

1519 3927 1614 3977 38.
1645 3923 1922 3976 Mensarum
1947 3928 2111 3994 posuit
2133 3923 2294 3974 stadia
2325 3934 2458 3972 octo·
2484 3947 2509 3954 -

1436 4005 1594 4072 ginta.
1616 4003 1737 4066 Hoc
1758 4015 1862 4068 est,
1884 4022 1933 4056 x.
1966 4021 2032 4056 x.
2062 4023 2115 4056 r.
2138 4003 2275 4056 Nam
2301 4001 2460 4072 vulgo

1436 4099 1547 4136 πη
1596 4081 1766 4135 stadia
1818 4083 1874 4136 in
1928 4083 2175 4136 milliario
2238 4099 2461 4135 romano

1438 4175 1841 4233 computantur.
1874 4164 1976 4216 En.

1999 4256 2094 4342 6.
