3300 5175
710 619 735 654 1

785 451 929 534 114
1328 446 1409 518 C.
1458 449 1782 520 PLlNu
1836 451 2042 520 NAT.
2101 455 2348 526 HlsT.

882 580 1042 649 XII.
1083 568 1245 667 (vi.)
1274 581 1352 649 In
1382 581 1728 676 Ligustico
1753 585 1922 654 mari
1959 599 2062 654 est
2105 589 2409 677 Corsica,
2445 614 2646 688 quam
2691 594 2918 670 Graeci

776 683 1081 782 Cyrnon¹
1112 685 1566 780 appellavere,
1608 689 1723 758 sed
1757 692 1974 760 Tusco
2009 698 2285 790 propior
2317 715 2336 756 2
2375 723 2412 767 a
2439 706 2916 796 septemtrione

775 797 844 863 in
899 792 1241 863 meridiem
1299 793 1599 889 projecta
1624 793 1684 885 ²,
1727 795 1926 892 longa
1959 824 2270 894 passuum
2317 827 2404 875 ct,
2441 807 2644 878 millia
2674 796 2733 880 ³:
2779 811 2912 882 lata

776 901 1029 994 majore
1088 923 1170 968 ex
1221 915 1413 995 parte
1460 904 1938 998 quinquaginta
1997 932 2014 974 ε
2095 909 2376 980 circuitu
2441 935 2720 1020 cccqv
2746 906 2773 949 ⁴
2828 942 2910 987 M.

774 992 1016 1076 Abest⁵
1048 1030 1090 1074 a
1120 1005 1307 1076 vadis
1332 1007 1784 1078 Volaterranis
1816 1035 1972 1082 Lxu
2011 1037 2092 1083 Μ.
2126 1040 2296 1111 pass.
2329 1019 2646 1092 Civitates
2673 1009 2913 1095 babet⁶

772 1137 1043 1198 xxxin,
1088 1127 1158 1182 et
1198 1111 1533 1202 colonias,
1568 1117 2025 1207 Marianam⁷,
2059 1145 2099 1189 a
2135 1127 2213 1192 C.
2259 1126 2478 1196 Mario
2519 1127 2910 1199 deductam:

772 1203 1143 1307 Aleriam⁸,
1204 1243 1245 1288 a
1286 1219 1609 1292 dictatore
1658 1222 1857 1318 Sylla.
1905 1225 2134 1295 Citra⁹
2175 1245 2274 1300 est
2313 1231 2562 1328 Oglasa
2589 1233 2638 1259 ¹⁰
2679 1261 2694 1304 τ
2738 1239 2912 1307 intra

774 1423 954 1495 plana,
972 1419 1177 1474 Miserit
1200 1421 1257 1472 in
1282 1421 1471 1475 caelum
1502 1433 1710 1477 montes
1735 1441 1751 1475 =
1776 1448 1804 1468 a·

1889 1427 2284 1485 Artemidorum
2322 1433 2514 1488 Strabo
2531 1475 2550 1500 ‚
2590 1436 2688 1490 lib.
2707 1439 2775 1490 V.
2817 1440 2913 1492 En.

774 1500 916 1554 viros
942 1511 1154 1554 sanctos
1180 1499 1427 1572 intelligit
1444 1538 1461 1566 ,
1505 1519 1598 1554 seu
1622 1502 1806 1554 Mona·

1961 1509 2011 1560 6.
2040 1513 2204 1562 Habet
2221 1517 2463 1567 XXXIII.
2485 1515 2574 1569 Sic
2595 1517 2908 1580 Martianus,

728 1643 745 1658 ·
775 1580 905 1633 chos
931 1580 1268 1632 Lerineuses.
1297 1581 1453 1634 Nunc
1478 1585 1812 1634 «Su-Honora
1891 1585 1998 1639 loc.
2035 1588 2127 1641 cit.
2153 1589 2342 1644 Hsan.

784 1664 850 1712 de
866 1662 1055 1712 Le'rim.
1082 1659 1383 1712 Antoninus
1404 1660 1457 1712 in
1485 1660 1673 1712 Itiner.
1694 1661 1810 1715 Ma-

778 1739 950 1808 ritirn²
976 1766 1002 1786 ιι
1024 1739 1107 1792 Ab
1133 1739 1367 1811 Antipoli
1383 1740 1522 1792 Lero
1542 1753 1594 1793 et
1614 1740 1810 1794 Lerina

782 1819 991 1885 insula,
1016 1835 1085 1872 u.
1102 1837 1155 1871 ι».
1176 1835 1287 1872 x1.=·
1311 1819 1493 1872 Hsnn.

1966 1685 2020 1737 7.
2047 1671 2361 1737 Marianam,
2379 1683 2477 1726 etc.
2514 1673 2804 1748 Utriusque
2829 1696 2920 1730 co-

1895 1739 2080 1811 loniae,
2107 1757 2160 1798 et
2190 1766 2221 1801 a
2253 1749 2438 1814 Maria,
2465 1765 2518 1806 et
2541 1773 2569 1807 a
2597 1755 2740 1828 Sylla
2760 1757 2932 1812 dedu-

1897 1836 1994 1880 cta.-
2010 1826 2210 1884 Seneca
2239 1833 2605 1902 meminit,lih.
2627 1838 2696 1890 de
2707 1839 2928 1896 Consul.

851 1898 987 1950 XII.
1008 1916 1054 1951 ι.
1070 1901 1280 1962 Cyrnon.
1303 1896 1551 1951 AGraecis
1571 1901 1766 1969 Κύρνος,
1780 1919 1809 1952 a

783 1977 963 2031 Poenis
991 1978 1225 2048 Κορσικὴ,
1256 1977 1431 2049 inquit
1452 1977 1737 2031 Pausanias
1753 1979 1812 2030 in

786 2057 949 2110 Phoc.
978 2056 1068 2109 lib.
1106 2057 1185 2120 X,
1212 2057 1493 2133 pag.l639.
1522 2057 1704 2110 Ham).

856 2156 904 2189 a.
932 2138 1172 2204 Prosecca.
1200 2135 1473 2190 Maluisset
1500 2131 1810 2210 Dalecamp.

778 2227 1027 2285 porrecta.
1053 2215 1153 2268 Eo-

861 2295 913 2348 3.
978 2297 1059 2346 CL
1112 2296 1291 2345 millia.
1330 2291 1553 2360 Strabo,
1598 2293 1690 2346 lib.
1737 2295 1814 2362 V,

1897 1905 1967 1959 ad
2007 1906 2163 1962 Helv.
2201 1929 2316 1983 cap.
2356 1917 2409 1977 8,
2435 1931 2557 1986 pag.
2583 1919 2710 1983 8083
2736 1919 2928 1976 Aleria

1899 1985 2039 2038 Mela
2063 1986 2154 2040 lib.
2183 1989 2390 2063 Il,cap.
2421 2013 2484 2065 73
2509 1995 2718 2063 Florus,
2739 1999 2828 2052 lib.
2849 2001 2928 2063 II,

1900 2083 2014 2139 cap.
2043 2088 2090 2133 a,
2108 2080 2160 2120 et
2175 2071 2492 2128 Antoninus.
2523 2077 2812 2150 Utriusque
2831 2097 2926 2132 ru-

1902 2144 2030 2200 dera
2055 2146 2320 2221 hodieque
2344 2154 2592 2208 visuntur
2607 2197 2622 2222 ‚
2647 2159 2812 2224 latere
2846 2160 2930 2212 in-

1903 2224 2028 2278 sula
2056 2245 2147 2289 eo,
2175 2230 2324 2300 quod
2356 2233 2565 2287 Italiam«
2597 2250 2814 2308 spectat.
2859 2239 2926 2294 Η.

1904 2336 1972 2346 -
2011 2307 2251 2363 Mariana
2298 2313 2518 2386 quidem
2563 2315 2634 2370 ad
2676 2329 2926 2394 stagnum

1903 2385 1992 2438 eui
2019 2405 2212 2441 nomen
2239 2395 2434 2461 Stagna
2467 2397 2524 2445 di
2546 2398 2808 2466 Bigagle'a,
2835 2419 2930 2452 au·

1903 2477 2051 2519 ctore
2094 2467 2422 2538 Mannertog
2466 2493 2577 2528 non
2621 2490 2800 2532 autem
2855 2478 2924 2533 ad

1903 2545 2094 2599 ostium
2105 2548 2324 2605 Tavolae
2341 2551 2594 2624 fluminis,
2607 2557 2768 2612 hodie
2783 2563 2924 2627 (3010,

1885 2626 1996 2677 ‘ubi
2024 2627 2182 2679 etiam
2211 2634 2398 2687 veteris
2432 2636 2712 2708 cujusdam
2737 2640 2926 2711 oppidi

1903 2708 2188 2761 monstrari
2249 2726 2278 2763 a
2327 2713 2644 2783 quibusdam
2706 2719 2920 2790 vestigia

1903 2784 1978 2835 ait
2017 2802 2031 2836 ε
2077 2788 2252 2841 Aleria
2295 2804 2473 2846 autem
2521 2798 2670 2868 juxta
2727 2798 2923 2851 ostium

1903 2864 2127 2917 Rhotani
2149 2866 2386 2925 fluminis
2401 2911 2416 2932 ,
2447 2874 2606 2929 hodie
2622 2880 2924 2947 Sar-ignauo,

1903 2942 1972 2995 ad
1987 2946 2238 2999 Austrum
2254 2966 2270 3013 ;
2289 2966 2576 3023 quantum,
2602 2968 2662 3008 ut
2688 2958 2760 3010 ait
2777 2958 2922 3012 idem

1902 3021 2216 3080 Mamertus
2231 3065 2247 3089 ,
2269 3048 2334 3081 ex
2359 3030 2637 3087 Ptolemoeo
2655 3038 2789 3091 situs
2807 3040 2924 3111 ejus

1902 3103 2097 3177 conjici
2119 3118 2306 3177 potest.
2323 3110 2387 3162 In
2398 3112 2562 3166 Cone.
2576 3114 2920 3173 Lateranensi

1903 3183 2004 3235 sub
2050 3182 2282 3240 Martino
2323 3196 2551 3244 Donatus
2585 3199 2922 3251 marianensis

790 2391 916 2446 pag.
950 2379 1049 2436 ²²4
1067 2411 1084 2433 ,
1132 2389 1198 2424 ex
1224 2371 1605 2444 Chorogmpho
1636 2374 1816 2428 nescio

789 2469 929 2524 quo,
965 2469 1067 2503 ou
1099 2449 1267 2502 millia
1310 2451 1672 2522 longitudine,
1701 2453 1818 2506 lati·

790 2529 976 2584 tudine
998 2548 1120 2591 Lxx,
1140 2529 1342 2601 porrigi
1373 2529 1463 2583 ait.
1490 2530 1817 2594 Plinium,ut

787 2611 944 2673 solet,
966 2608 1207 2681 sequitur
1234 2610 1529 2663 Martianus
1546 2648 1563 2675 ,
1593 2612 1689 2666 lib.
1711 2614 1816 2678 VI,

788 2706 914 2761 pag.
945 2708 1066 2753 ²07·
1090 2687 1267 2741 Hann-

862 2780 914 2829 4.
936 2770 1213 2820 CCCXXV.
1236 2766 1323 2819 Sic
1340 2764 1461 2819 libri
1472 2786 1658 2821 omnes
1667 2770 1816 2825 MSS.

789 2864 915 2900 cum
944 2844 1226 2900 Martiano.
1254 2845 1439 2899 Hsan.
1468 2878 1539 2889 -—
1560 2848 1740 2902 Dalec.
1765 2862 1820 2903 et

788 2924 969 2978 Elzev.
1006 2928 1273 2977 CCCXXII
1286 2962 1303 2989 ‚
1348 2938 1537 2979 contra
1562 2926 1736 2983 Tolet.
1765 2944 1819 2985 et

790 3003 971 3058 chiffl.
1000 3002 1180 3057 fidem.
1208 3002 1314 3057 En.

863 3086 914 3138 5.
970 3087 1122 3135 Abest
1154 3102 1189 3133 a
1243 3086 1394 3135 vadis
1444 3088 1782 3141 Volaterranis
1800 3128 1818 3152 ,

793 3168 940 3215 LXII
986 3168 1058 3215 M.
1100 3164 1395 3236 Corruptus
1447 3164 1593 3219 haud
1648 3168 1820 3225 dubie

792 3260 1047 3296 numerus
1064 3281 1079 3304 ‚
1094 3262 1261 3315 quum
1283 3264 1351 3299 xc
1366 3245 1574 3301 circiter
1591 3266 1657 3301 nr.
1679 3269 1814 3321 pass.
1902 3268 2048 3333 episc,
2075 3266 2180 3319 En,

792 3322 929 3373 inter
952 3336 1171 3395 utraque
1204 3324 1319 3377 loca
1351 3343 1497 3378 nunc
1524 3342 1820 3399 supputen-
1975 3344 2022 3397 8,
2042 3348 2419 3405 Alep-iam,vet‚
2439 3352 2559 3407 cod,
2575 3356 2720 3423 apud
2739 3358 2918 3413 Doleo,

792 3410 897 3452 tur.
938 3401 1073 3453 Nota
1134 3401 1375 3456 fortassis
1429 3408 1717 3461 centenarii
1759 3412 1816 3463 in
1899 3427 2124 3483 alm-am.
2161 3426 2258 3479 En,

790 3476 1852 3549 quingenariumdeflexaabamanuensi·'
1975 3522 2029 3571 9.
2059 3509 2190 3557 Citra
2232 3522 2310 3559 est
2345 3514 2552 3579 Oglasa.
2591 3513 2918 3571 Martianus:

792 3558 895 3609 hus
906 3570 998 3619 est,
1011 3557 1373 3633 scriptumque
1388 3568 1527 3615 LXII
1537 3584 1637 3635 pro
1651 3571 1810 3625 CXII.
1900 3586 2044 3651 δαέρα
2087 3601 2249 3639 amem
2297 3591 2423 3641 01⁶0„
2463 3606 2571 3655 eu,-
2615 3599 2800 3663 0310„
2839 3600 2920 3649 fn.

795 3636 942 3702 Qnin
959 3636 1001 3688 si
1020 3637 1353 3693 Artemidoro
1366 3641 1650 3709 credimus,
1667 3650 1814 3720 apud
1885 3662 1998 3730 fi-a.
2023 3662 2126 3717 En,

793 3714 1131 3787 Agathemer.
1162 3716 1361 3789 Geogr.
1390 3720 1481 3774 lib.
1514 3723 1569 3789 Ι,
1595 3744 1716 3798 cap.
1757 3730 1811 3794 5,
1979 3752 2060 3786 ro.
2095 3738 2230 3787 Citra
2269 3752 2368 3800 est,
2409 3753 2510 3793 etc.
2549 3747 2760 3810 Oglasa.
2783 3746 2923 3814 Alii,

791 3795 999 3866 gemina
1023 3798 1310 3849 centenarii
1327 3811 1451 3851 nota
1478 3800 1703 3858 librariis
1729 3826 1812 3860 ex·
1900 3816 2106 3880 Oglasa.
2143 3818 2370 3887 Apparet
2396 3838 2462 3871 ex
2483 3820 2592 3873 situ
2616 3841 2728 3877 esse
2753 3830 2926 3878 Monte

790 3872 920 3926 cidit
932 3913 949 3938 ‚
970 3874 1238 3947 scribique
1252 3894 1463 3931 necesse
1481 3892 1556 3933 est
1586 3900 1808 3940 ccxxxv.
1899 3895 2052 3945 Crista
2067 3913 2088 3944 .-
2110 3896 2208 3948 ubi
2226 3898 2481 3953 monaehi
2492 3902 2622 3955 olim
2636 3902 2926 3976 degebant.

784 3950 1089 4023 Trajectum
1117 3955 1257 4008 euim
1286 3957 1360 4008 ait
1376 3976 1486 4011 esse
1512 3961 1806 4021 stadiorum
1895 3970 1962 4025 ad
1998 3993 2133 4045 quos
2172 3976 2373 4031 litteras
2413 3980 2592 4051 scribit
2619 3982 2673 4037 S.
2693 3986 2919 4057 Gregor.

782 4030 861 4083 bis
876 4032 1017 4086 mille
1036 4030 1412 4090 ducentorum.
1440 4038 1543 4092 Sed
1561 4046 1806 4114 coarguit
1893 4050 1988 4103 lib.
2010 4052 2039 4103 Ι
2055 4088 2074 4119 ,
2107 4055 2313 4127 epistol.
2333 4075 2388 4125 9.
2413 4058 2596 4115 Hsan.
