3300 5175
785 9 788 11 v
890 7 1212 27 ῌρμ-ωά
1298 12 1335 24 ι..
1366 9 1372 12 ·

1278 611 1595 679 LIBER
1647 614 1793 682 111.

2457 637 2596 710 117

474 753 635 808 erat.
688 741 950 810 AEnaria
984 741 1127 834 ipsa
1157 765 1197 810 a
1232 744 1517 811 statione
1534 729 1583 768 ²⁸
1616 747 1886 814 navium
1927 749 2186 830 AEneae,
2229 751 2527 818 Homero
2549 743 2604 786 ²⁹

474 847 765 916 Inarime
794 845 1024 932 dicta,
1046 849 1300 918 Graecis
1332 849 1682 920 Pithecusa
1702 904 1720 931 ‚
1763 876 1900 920 non
1929 877 1966 920 a
1999 840 2401 926 simiarum³⁰
2435 853 2602 924 mul-

475 952 757 1022 titudine
785 946 903 1042 (ut
921 951 1118 1048 aliqui
1152 945 1683 1049 existimavere),
1712 957 1826 1026 sed
1857 983 1895 1026 a
1927 947 2226 1054 figlinis³¹
2247 959 2601 1031 doliorum.
2653 959 2660 968 ’

474 1059 659 1128 Inter
684 1045 1157 1156 Pausilypum³²
1172 1075 1240 1130 et
1264 1060 1615 1155 Neapolim
1632 1051 1986 1158 Megaris³³
2009 1080 2026 1122 :
2051 1091 2205 1135 mox
2223 1093 2262 1135 a
2283 1070 2605 1138 Surrento

550 1229 632 1282 28.
652 1235 702 1280 A
720 1232 951 1283 statione.
972 1229 1157 1284 Festus
1189 1247 1203 1282 :
1232 1257 1260 1278 κ
1276 1230 1498 1286 AEnarla

474 1310 809 1382 appellavere
874 1310 1055 1364 locum
1080 1349 1096 1374 ,
1152 1310 1245 1363 ubi
1306 1315 1502 1363 AEneas

474 1391 693 1443 classem
708 1391 985 1464 a'l'rojanis
1004 1389 1220 1445 veniens
1239 1390 1499 1463 appulit.-

474 1469 673 1524 Plinius
703 1488 812 1523 non
844 1474 1069 1524 AEneam
1090 1489 1216 1524 cum
1240 1471 1467 1524 navibus
1484 1509 1500 1536 ,

473 1551 567 1605 sed
576 1555 753 1605 AEneoe
771 1569 929 1604 naves
953 1550 1250 1618 dumtaxat,
1266 1569 1395 1625 quas
1411 1551 1501 1604 ille

473 1631 713 1684 Tithono
734 1633 790 1685 in
819 1632 1030 1685 ltaliam
1056 1631 1409 1702 proficiscenti
1430 1631 1498 1684 ad

474 1709 891 1764 transvehendos
909 1712 1125 1764 colonos
1140 1710 1405 1764 locaverat
1414 1712 1497 1764 vel

472 1788 860 1855 commodarat,
894 1809 1066 1861 usque
1093 1789 1163 1841 ad
1188 1790 1327 1843 hanc
1352 1790 1497 1842 insu-

470 1871 575 1924 lam
616 1870 917 1943 pervenisse
954 1869 1149 1932 refert,
1201 1887 1302 1922 nec
1354 1867 1496 1923 ultra

471 1967 773 2022 progressas
794 1949 870 2000 ibi
892 1947 1183 2001 substitisse
1212 1948 1267 2000 in
1294 1946 1494 2000 tutissi-

470 2046 558 2081 ma
595 2029 851 2089 statione,
898 2024 1069 2079 donec
1114 2026 1170 2076 in
1228 2023 1494 2078 Troadem

470 2119 595 2160 ante
615 2107 921 2161 Graecorum
949 2103 1233 2158 adventum
1247 2104 1497 2176 remigra-

469 2198 620 2252 rent3
646 2185 879 2239 Tithono
904 2183 1116 2236 interim
1139 2182 1267 2254 (qui
1286 2183 1495 2250 missua,

469 2285 579 2318 non
607 2285 639 2317 a
657 2263 1036 2326 Laomedonte,
1055 2274 1115 2314 ut
1134 2262 1383 2334 suspicati
1399 2283 1495 2316 nu·

471 2364 569 2416 per
610 2345 665 2397 in
707 2343 967 2417 Apologia
1007 2343 1225 2396 Homeri
1272 2362 1455 2398 sumus
1474 2383 1490 2406 ,

471 2423 564 2476 sed
577 2442 606 2475 a
626 2423 833 2476 Priamo
846 2423 1007 2476 fratre
1022 2423 1215 2488 fuerat,
1239 2421 1306 2476 ad
1324 2436 1492 2477 trans-

471 2501 739 2557 vehendos
756 2541 771 2566 ,
803 2521 936 2574 quos
965 2499 1221 2563 diximus,
1248 2501 1495 2564 colonos,

469 2582 669 2637 scilicet
693 2580 1017 2645 valetudine,
1046 2594 1224 2645 aetate,
1253 2582 1337 2636 vel
1360 2600 1491 2637 sexu

470 2662 683 2715 inutiles
714 2662 854 2715 bello
881 2664 1123 2733 Trojano
1150 2662 1489 2728 sustinendo,

470 2740 613 2813 quod
639 2741 946 2795 imminebat
974 2761 1005 2795 a
1026 2742 1227 2795 Graecis
1244 2744 1283 2811 ),
1319 2741 1388 2795 ad
1407 2744 1492 2796 Li-

469 2822 571 2875 rim
585 2841 791 2876 amnem
814 2841 981 2895 usque
993 2820 1063 2875 ad
1080 2822 1311 2877 Circeios
1330 2840 1489 2877 naves

468 2918 591 2953 suas
604 2914 904 2973 peragente.
923 2902 1093 2955 Naves
1119 2902 1259 2955 enim
1279 2905 1491 2968 AEneas,

470 2979 787 3051 quibuscum
814 2979 871 3032 in
911 2981 1123 3034 Italiam
1158 2981 1340 3036 venire
1378 2982 1489 3054 ipse

469 3058 757 3131 potuisset,
794 3058 1005 3113 easdem
1038 3073 1235 3131 agnato
1278 3079 1376 3114 suo
1401 3062 1488 3113 Ti-

469 3138 636 3191 thono
672 3139 841 3210 potuit
878 3140 933 3191 in
981 3139 1248 3210 publicam
1302 3141 1487 3213 patrio

468 3218 755 3271 utilitatem
776 3218 1115 3272 commodare
1136 3238 1151 3271 z
1173 3230 1265 3270 aut
1282 3220 1489 3275 eivenit

468 3298 585 3370 ipse
634 3296 826 3351 ductor
864 3297 1083 3351 navium
1133 3317 1349 3353 suarum
1370 3337 1385 3363 ,
1430 3298 1484 3351 id

468 3376 622 3450 quod
658 3378 831 3430 minus
880 3396 991 3431 esse
1034 3376 1319 3431 verisimile
1352 3378 1486 3431 arbi-

468 3470 705 3520 tramur-3
731 3469 853 3509 ante
870 3457 1156 3527 Troianam
1184 3470 1327 3511 certe
1349 3458 1485 3511 obsi-

466 3533 713 3601 dionem,
759 3534 992 3590 Homero
1035 3548 1163 3589 teste
1198 3535 1392 3590 idoneo
1420 3557 1482 3592 ac

465 3614 755 3686 locuplete,
790 3614 1005 3687 Trojam
1031 3614 1214 3679 rediit,
1249 3616 1483 3672 Tithono

465 3694 523 3747 in
544 3694 701 3746 Italia
716 3707 1039 3747 remanente.
1060 3696 1301 3749 Fortasse
1322 3696 1483 3749 etiam

464 3773 533 3825 ab
562 3773 735 3827 abeno
757 3774 979 3846 arisque
996 3775 1243 3839 metallis,
1271 3777 1479 3830 AEnaria

466 3852 609 3906 dicta
630 3864 705 3906 est
730 3854 913 3926 ,quasi
945 3854 1229 3909 Ahenaria.
1258 3857 1480 3927 Αἰναρίαν

465 3932 721 4003 scripsere
758 3952 883 3986 cum
914 3930 1250 4005 diphthongo
1279 3936 1481 4007 antiqui

463 4029 646 4065 omnes
692 4030 705 4064 :
749 4030 887 4065 unus
922 4012 1088 4069 instar
1128 4014 1195 4065 sit
1238 4014 1477 4069 omnium

466 4092 750 4163 Appianus,
767 4092 897 4144 Bell.
916 4092 1067 4147 Civil.
1088 4092 1180 4145 lib.
1192 4094 1267 4156 V,
1281 4113 1334 4165 p.
1352 4112 1414 4163 71
1429 4112 1451 4146 1
1463 4134 1479 4158 ‚

464 4171 556 4242 qui
600 4177 733 4229 νῆσον
774 4172 859 4233 τὰς
895 4174 1215 4233 Πιθηκούσσας
1235 4186 1423 4240 vocat,
1448 4176 1479 4231 ‘il

1580 1236 1658 1284 νῦν
1681 1233 1800 1286 ἐστιν
1818 1233 2034 1305 Αἰναρία.
2062 1233 2200 1286 Nam
2219 1235 2366 1308 quod
2384 1234 2606 1290 suadere

1581 1309 1867 1366 Salmasius
1894 1315 2098 1379 nititur,
2121 1313 2173 1367 in
2193 1314 2357 1369 Solia.
2382 1335 2506 1386 pag.
2535 1335 2604 1386 97

1581 1402 1633 1442 et
1661 1391 1789 1456 321,
1825 1403 1877 1445 et
1911 1393 2206 1446 Bochartus
2224 1435 2241 1460 ‚
2276 1393 2344 1446 de
2371 1396 2600 1449 Animal.

1579 1470 1672 1522 lib.
1701 1471 1819 1536 111,
1856 1491 1974 1544 cap.
2006 1474 2092 1540 31,
2119 1492 2242 1546 pag.
2274 1482 2403 1545 994,
2447 1473 2606 1527 scribi

1579 1557 1770 1606 Euat-ia
1801 1568 2075 1625 oportere,
2110 1567 2168 1606 ut
2205 1555 2273 1607 ab
2311 1555 2606 1621 Enaribus,

1580 1632 1684 1685 hoc
1707 1645 1801 1696 est,
1822 1632 1936 1686 sine
1957 1633 2172 1686 naribus
2194 1671 2210 1696 ,
2235 1631 2398 1684 simiis
2423 1632 2604 1686 videli-

1578 1723 1690 1774 cet,
1707 1731 1904 1766 nomen
1941 1710 2125 1765 insulae
2150 1711 2413 1766 deflexum
2433 1711 2606 1766 videa-

1576 1802 1683 1854 tur,
1707 1789 1861 1842 valde
1891 1810 2079 1844 vereor
2115 1805 2176 1844 ut
2203 1791 2482 1864 quisquam
2519 1794 2603 1846 vir

1574 1870 1719 1922 naris
1751 1885 2011 1925 emuncta,
2051 1873 2256 1944 probet.
2295 1871 2468 1926 Hodie
2507 1891 2601 1944 ap-

1576 1949 1808 2020 pellatur
1833 1954 2018 2002 Iscliia.
2042 1950 2226 2004 Hum-

1650 2046 1733 2096 ²9·
1749 2035 1971 2082 Homero.
1989 2030 2051 2081 In
2069 2028 2328 2101 Catalogo
2342 2031 2570 2084 Navium
2585 2071 2602 2095 ,

1577 2125 1710 2160 vers.
1741 2127 1844 2176 ²90
1875 2129 1888 2158 :
1913 2111 1977 2165 εἰν
1997 2099 2191 2180 Ᾰρίμοις
2218 2128 2232 2163 :
2259 2109 2403 2164 unde
2421 2110 2602 2183 Virgi-

1573 2187 1696 2248 lius,
1725 2186 1932 2240 AEueid.
1961 2186 2072 2254 1X;
2093 2187 2318 2242 Ovidius
2337 2227 2353 2253 ,
2376 2190 2596 2244 Metam.

1575 2266 1669 2318 lib.
1693 2266 1846 2326 xlv,
1865 2286 1995 2322 vers.
2018 2268 2109 2336 89,
2123 2268 2322 2341 aliique
2345 2273 2596 2324 Inarimen

1572 2343 1794 2398 finxere.
1823 2345 2006 2399 Ham).

1645 2423 1729 2476 30.
1759 2429 1872 2476 Non
1893 2445 1926 2475 a
1947 2427 2216 2478 simiarum.
2239 2426 2466 2480 Volebat
2489 2429 2598 2482 Da·

1572 2501 1805 2574 lecamp.
1828 2523 1926 2555 non
1945 2523 1978 2553 a
1998 2508 2246 2556 simiarum
2270 2510 2594 2564 multitudine.

1570 2581 1751 2635 En.—-
1769 2582 1916 2649 Quas
1940 2581 2114 2636 Graeci
2135 2584 2354 2647 πιθήκους
2383 2601 2594 2641 vocant.

1572 2660 1658 2713 Ita
1675 2660 2015 2715 nihilominus
2037 2664 2208 2716 visum
2223 2665 2440 2731 ovidio,
2459 2667 2593 2719 Met.

1569 2738 1664 2792 lib.
1695 2740 1776 2793 IV
1783 2779 1799 2805 ,
1827 2760 1962 2795 vers,
2000 2760 2085 2811 90.
2115 2744 2404 2817 Xenagoras
2429 2758 2480 2799 et
2505 2750 2597 2801 Ε-

1571 2818 1742 2871 schini
1781 2819 1924 2891 apud
1955 2820 2267 2893 Harpocrat.
2311 2843 2434 2897 pag.
2479 2828 2596 2892 168,

1570 2910 1730 2970 atque
1755 2918 1786 2953 e
1805 2898 2219 2965 recentioribus,
2238 2903 2492 2958 salmasio
2506 2943 2522 2970 ,
2543 2917 2598 2957 et

1570 2979 1857 3045 Bocharto,
1875 2980 1942 3034 de
1962 2980 2192 3035 Animal.
2211 2982 2309 3036 lib.
2330 2984 2415 3035 111
2429 3021 2446 3049 ,
2481 3003 2594 3055 cap.

1571 3059 1662 3123 31,
1681 3077 1800 3130 pag.
1823 3066 1943 3127 994.
1976 3059 2115 3113 Sane
2134 3062 2302 3132 ἄριμος
2325 3061 2595 3135 Hesychia

1567 3140 1761 3197 πίθηκος
1787 3150 1892 3202 est,
1914 3139 2018 3191 hoe
2043 3150 2148 3201 est,
2169 3141 2335 3194 simia.
2360 3142 2538 3195 Hui).

1640 3218 1726 3273 31.
1754 3224 1804 3269 A
1803 3221 2001 3289 figlinis
2020 3222 2284 3273 doliorum.
2305 3220 2556 3275 Officinis
2575 3261 2593 3288 ,

1568 3298 1620 3349 in
1659 3296 1854 3368 quibus
1890 3295 2036 3349 dolia
2071 3297 2210 3351 flunt
2242 3298 2459 3369 figlina:
2496 3301 2594 3353 ἀπὸ

1570 3384 1665 3431 τῶν
1689 3376 2036 3439 πιθτῦιων,ὶιοο
2061 3388 2156 3441 est,
2173 3382 2416 3450 κεραμέων
2429 3380 2593 3432 πίθων.

1571 3457 1617 3507 Α
1640 3455 1770 3515 πίθος
1793 3456 1854 3508 fit
1874 3457 2089 3519 πίθακον,
2113 3458 2326 3521 πίθηκον,
2343 3460 2595 3522 attonitam,

1570 3538 1876 3594 πιθηκόισσαι
1893 3576 1908 3599 ,
1937 3549 1990 3590 et
2032 3542 2309 3594 πιθηκοῦσαι
2329 3576 2344 3603 ,
2388 3538 2444 3591 id
2483 3552 2558 3593 est
2576 3577 2592 3604 ,

1568 3616 1778 3689 figlinas.
1815 3616 1998 3670 Hann.

1642 3696 1726 3750 32.
1761 3700 2089 3765 Pausilypum.
2125 3695 2414 3769 Hodieque
2455 3702 2591 3751 Posi-

1568 3778 1686 3845 Ιίρυ,
1705 3776 1758 3827 in
1777 3776 2086 3847 Campania,
2117 3778 2282 3847 prisca
2297 3777 2590 3832 incolarum

1568 3855 1877 3909 Graecorum
1897 3855 2272 3928 appellatione,
2291 3858 2358 3909 ab
2378 3858 2596 3929 abigen-

1568 3933 1651 3988 dis
1703 3935 1872 4001 curis,
1915 3936 2208 3989 tristitiaeve
2263 3938 2553 3991 cessatione
2573 3978 2592 4002 ,

1570 4016 1889 4069 Πευσίλυπον.
1918 4016 2076 4069 Mons
2116 4017 2256 4069 enim
2297 4037 2442 4072 mare
2464 4039 2594 4093 pro-

1569 4108 1830 4167 spectans,
1848 4097 2080 4149 consitus
2111 4096 2412 4163 arboribus,
2436 4098 2598 4152 villis-

1568 4194 1673 4246 que
1723 4176 1882 4227 refert
1893 4194 1982 4241 ua,
2027 4176 2270 4229 omnium
2326 4180 2441 4249 ejus
2489 4198 2600 4235 (ιι-ω

2215 4275 2296 4358 83
