3300 5175
810 1024 842 1070 ὃ

877 422 968 491 86

1397 422 1839 497 C.-P1,1N11
1900 424 2119 491 NAT.
2181 425 2429 491 HIST.

875 554 1199 627 niensium
1269 555 1657 646 magistratu
1674 540 1755 641 ³⁹3
1808 556 1921 649 qui
1992 554 2120 623 fuit
2182 554 2383 624 Urbis
2444 568 2687 623 nostrae
2748 575 3015 623 eccon.

877 684 1050 727 anno
1065 645 1134 723 ⁴⁰.
1165 658 1509 751 Quidquid
1541 674 1642 729 est
1671 685 1831 757 ergo
1864 675 2188 731 terrarum
2210 714 2227 747 ,
2273 673 2512 755 praeter
2547 660 2777 730 decem
2812 656 3012 727 millia

877 789 1189 859 passuum
1241 790 1450 859 prope
1503 754 1831 836 ambitus⁴

877 895 1126 941 annum
1155 874 1432 941 accessit
1458 871 1683 943 Italiae.

1840 766 1883 853 ’ζ
1944 767 2271 837 adnexum
2334 766 2592 852 insulae,
2654 780 2809 859 post
2862 789 3013 833 eum

955 966 1187 1047 'Aliud
1225 976 1242 1000 ¹
1303 978 1692 1047 miraculum
1765 1004 1779 1046 ε
1846 981 1902 1048 Α
1968 978 2285 1049 Circeiis²
2363 977 2551 1073 palus
2615 962 3015 1071 Pomptina3

885 1099 984 1152 est
1008 1137 1028 1170 ‚
1089 1108 1286 1178 quem
1338 1084 1555 1154 locum
1611 1073 1882 1155 xxx111⁴
1932 1086 2197 1155 urbium
2260 1085 2458 1154 fuisse
2502 1086 2857 1153 Mucianus
2890 1097 3018 1150 ter

887 1190 1140 1259 Consul
1181 1190 1490 1285 prodidit.
1554 1192 1728 1264 Dein
1772 1191 2021 1263 flumen
2057 1177 2344 1278 Ufens⁵,
2386 1176 2585 1286 supra
2628 1189 2809 1285 quod
2856 1192 3021 1257 Ter-

973 1372 1064 1441 39.
1087 1372 1400 1443 Magistrum.
1429 1373 1797 1445 Magistratum
1824 1394 1913 1445 ge-

893 1465 1061 1505 rente.
1086 1454 1220 1507 Tres
1249 1454 1407 1507 simul
1437 1454 1595 1507 fuisse
1622 1454 1913 1507 Athenien-

895 1534 1031 1585 sium
1053 1532 1388 1603 Magistratus
1412 1552 1616 1587 annuos
1631 1573 1647 1601 ,
1666 1534 1769 1588 nisi
1794 1534 1915 1605 quis

898 1630 1085 1665 eorum
1114 1612 1254 1665 intra
1279 1631 1481 1665 anuum
1507 1631 1538 1666 e
1561 1613 1670 1667 vita
1690 1612 1913 1667 decede-

899 1702 1012 1756 ret,
1039 1692 1251 1745 nummi
1279 1692 1487 1763 antiqui
1523 1693 1699 1747 testari
1729 1691 1915 1745 viden-

902 1784 1021 1831 tur,
1049 1771 1106 1822 in
1131 1771 1326 1841 quibus
1352 1770 1671 1843 plerumque
1696 1784 1801 1824 tres
1820 1790 1915 1842 ap·

899 1850 1116 1921 pellant.
1150 1849 1424 1922 Ejusmodi
1463 1863 1540 1904 est
1584 1852 1709 1923 ille,
1755 1869 1915 1922 quem

902 1929 1144 1983 Goltzius
1159 1929 1215 1983 in
1228 1930 1432 1983 Graecia
1446 1930 1608 1983 refert
1619 1968 1636 1995 ,
1647 1930 1782 1983 Tah.
1803 1948 1917 1994 x1v,

903 2011 959 2062 in
994 2028 1104 2080 quo
1137 2010 1224 2063 hic
1263 2010 1376 2079 ipse
1402 2008 1677 2062 Nic-odorus
1705 2007 1919 2061 videtur

901 2088 1093 2143 notari.
1119 2088 1208 2141 Sic
1232 2088 1376 2141 enim
1401 2088 1592 2141 habet:
1618 2090 1665 2140 A
1692 2097 1791 2143 es.
1814 2089 1919 2141 hoe

901 2180 980 2221 est
1002 2205 1020 2233 ,
1073 2160 1320 2225 Αθηναὶων
1361 2166 1470 2222 Θιὰ
1485 2207 1501 2232 ,
1555 2168 1920 2221 Atheniensium

839 2300 850 2307 ,
901 2248 1015 2299 Dea
1023 2268 1043 2310 ,·
1065 2248 1308 2300 Minerva
1334 2247 1546 2300 scilicet.
1568 2245 1777 2299 Deinde
1804 2266 1918 2301 ma·

903 2328 1220 2399 gistratuum
1269 2325 1490 2379 nomina
1519 2345 1534 2378 :
1571 2334 1608 2379 Δ
1624 2330 1675 2379 Ω
1688 2334 1727 2379 Ρ
1742 2334 1786 2380 Ο
1799 2335 1846 2381 Θ
1859 2334 1915 2380 E.

905 2410 1232 2459 NIKOAQ.
1277 2406 1430 2461 ΔῙΟ.
1473 2406 1781 2471 Dorotheus,
1821 2408 1919 2461 Ni-

905 2485 1107 2539 codorus
1120 2526 1135 2549 ‚
1169 2486 1430 2556 Diogenes..
1452 2485 1632 2541 Hm.

987 2573 1076 2632 4ο.
1131 2564 1420 2620 CCCCXL
1465 2585 1609 2620 anno.
1648 2568 1731 2620 Ita
1769 2565 1921 2621 MSS.

903 2665 1118 2711 omnes,
1139 2645 1266 2716 Reg.
1295 2645 1450 2699 colb.
1473 2647 1636 2700 Paris.
1664 2659 1718 2700 et
1738 2647 1919 2700 chiffl.

905 2726 1056 2790 Quin
1085 2726 1198 2797 ipse
1224 2724 1456 2790 Plinius,
1481 2726 1576 2778 lib.
1601 2726 1737 2779 xm
1754 2765 1771 2791 ,
1803 2745 1923 2797 cap.

905 2805 976 2858 30
990 2845 1006 2870 ‚
1025 2818 1078 2858 et
1093 2805 1188 2860 lib.
1211 2805 1338 2869 XV,
1369 2823 1484 2876 cap.
1512 2825 1535 2858 1
1551 2843 1570 2870 ‚
1584 2805 1729 2858 hunc
1745 2806 1922 2877 ipsum

903 2904 1100 2940 annum
1119 2886 1306 2956 signat.
1329 2884 1445 2938 Hoc
1461 2903 1569 2937 uno
1589 2885 1642 2938 in
1665 2886 1783 2940 1000
1798 2904 1921 2956 per·

904 2965 1116 3018 mutatis
1124 2964 1360 3018 numeris
1373 2964 1500 3017 libri
1513 2964 1772 3036 impressi,
1784 2984 1921 3037 quos

901 3044 1044 3098 inter
1060 3045 1242 3098 Dalec.
1261 3057 1313 3096 et
1339 3043 1453 3098 Elz.
1475 3043 1675 3098 habent
1712 3045 1917 3100 CCCC.

900 3125 1016 3176 Lx.
1039 3124 1184 3190 Quin
1205 3137 1257 3177 et
1280 3121 1414 3176 illud
1434 3125 1594 3196 paulo
1617 3136 1741 3177 ante
1757 3164 1773 3191 ‚
1790 3125 1925 3197 quod

900 3207 1092 3273 scripsit
1114 3203 1358 3260 Nicodoro
1371 3203 1695 3274 Magistratui
1714 3217 1919 3260 mutare

899 3283 1013 3336 ausi
1035 3302 1145 3336 non
1171 3302 1350 3337 sumus
1365 3322 1380 3348 ,
1402 3301 1572 3356 quum
1599 3285 1675 3338 sic
1694 3284 1923 3340 habeant

897 3349 1023 3415 libri
1050 3381 1234 3415 omnes
1264 3363 1606 3436 manuscripti
1622 3403 1639 3429 ,
1668 3376 1722 3417 et
1750 3362 1879 3418 editi
1902 3383 1916 3418 :

899 3441 1104 3494 tametsi
1129 3459 1302 3514 neque
1324 3442 1647 3514 inscripsisse
1668 3443 1916 3515 cuiquam

899 3519 1096 3572 librum
1117 3539 1272 3573 suum
1290 3520 1357 3574 de
1376 3522 1679 3590 plantarum
1697 3521 1917 3576 historia

899 3600 1298 3671 Theophrastus
1323 3598 1549 3654 videtur.
1568 3600 1639 3654 Η.
1663 3613 1714 3654 et
1734 3603 1838 3656 En.

982 3686 1074 3744 41.
1110 3681 1270 3750 Prope
1287 3680 1507 3733 ambitus.
1535 3682 1659 3733 Vet.
1690 3697 1777 3751 ap.
1814 3684 1918 3735 Da-

896 3764 997 3814 lec.
1022 3763 1287 3830 propinqui
1310 3760 1531 3813 ambitus.
1557 3759 1738 3813 Hnm.

982 3859 1030 3892 1.
1086 3839 1252 3892 Aliud
1304 3841 1598 3892 miraculum.
1639 3839 1915 3894 Glossema

893 3919 978 3973 hae
998 3938 1155 3974 voces
1181 3920 1396 3990 sapiunt
1422 3938 1436 3972 :
1466 3918 1827 3992 videnturque
1852 3937 1919 3974 ex

893 4018 984 4052 ora
1014 3999 1138 4053 libri
1164 3999 1220 4051 in
1259 4011 1464 4052 textum
1491 3999 1775 4070 irrepsisse.
1809 4000 1921 4054 Nisi

894 4080 1012 4148 quis
1025 4079 1212 4134 referri
1233 4080 1344 4133 haec
1363 4079 1511 4133 malit
1527 4077 1594 4132 ad
1613 4079 1704 4133 issa
1726 4080 1922 4151 priora,

2000 1373 2183 1427 Mirum
2212 1386 2284 1425 est
2322 1373 2454 1445 quod
2489 1374 2549 1424 dc
2579 1392 2656 1437 rc,
2688 1386 2789 1427 etc.
2831 1372 3023 1439 quihus

2001 1453 2098 1507 ista
2123 1452 2289 1507 modo
2322 1457 2675 1525 respondeant
2692 1490 2713 1513 a
2749 1451 2913 1505 Aliud
2931 1456 3021 1501 mi-

2002 1534 2233 1586 raculum.
2268 1532 2405 1585 Nam
2426 1530 2571 1603 qnod
2594 1535 2842 1584 accessisse
2863 1531 3024 1583 leatioe

2002 1612 2247 1685 proxime
2292 1624 2416 1665 ante
2453 1612 2569 1665 haec
2603 1612 2769 1665 verba
2808 1610 3025 1674 dicitur,

2003 1692 2233 1763 spatium
2260 1690 2395 1745 illud
2434 1704 2695 1744 terrarum
2725 1686 3027 1761 intelligen-

2005 1771 2135 1825 dum
2170 1784 2249 1823 est
2270 1808 2287 1834 ‚
2340 1768 2489 1841 quod
2532 1782 2851 1841 reu-egresso
2889 1770 3027 1821 mari

2005 1870 2069 1904 eo
2087 1878 2105 1909 9
2134 1869 2243 1923 quo
2262 1849 2459 1902 Circeii
2478 1848 2613 1903 olim
2630 1848 3029 1901 circumdaban·

2004 1942 2109 1991 tur,
2132 1928 2347 1993 accessit
2362 1928 2548 1995 Italiac,
2572 1929 2685 1982 sive
2700 1929 3025 1982 continenti:

2006 2026 2176 2080 quum
2196 2008 2464 2075 mox,vice
2478 2008 2828 2071 versa,locum
2847 2026 3025 2061 xxxm

2007 2088 2239 2141 Urbium
2266 2088 2551 2158 Pomptina
2574 2087 2726 2159 palus
2768 2089 3022 2141 obtineat.

2008 2168 2223 2220 11.--1n
2238 2166 2418 2221 Dalec.
2434 2178 2489 2220 et
2502 2167 2615 2219 Elz.
2634 2180 2927 2238 sequuntur
2936 2186 3027 2219 su·

2008 2246 2273 2318 per-iorem
2314 2246 2602 2317 periodum
2620 2284 2637 2311 ,
2664 2247 2820 2304 nullo
2864 2248 3026 2299 inter·

2005 2328 2212 2397 jacente
2240 2326 2545 2389 intervallo,
2574 2328 2735 2381 verba
2750 2327 2867 2379 haec
2892 2326 3031 2378 aliud

2010 2405 2322 2459 miraculum:
2350 2406 2425 2459 ita
2448 2418 2509 2459 ut
2546 2406 2780 2475 legatur:
2809 2406 3028 2457 Accessit

2009 2486 2175 2551 Italioe
2200 2484 2345 2537 aliud
2366 2486 2661 2539 miraculum.
2682 2487 2788 2538 Eu.

2096 2586 2144 2618 2.
2193 2565 2408 2620 Circeiis.
2434 2565 2613 2620 Chiffl.
2638 2566 2861 2620 Cenem.
2882 2564 2988 2618 En.

2092 2643 2144 2697 3.
2172 2647 2449 2716 Pomptina.
2464 2647 2599 2711 Vel,
2630 2657 2691 2699 ut
2714 2645 2868 2709 alibi,
2898 2645 3025 2717 ipsi·

2010 2742 2115 2796 que
2141 2725 2297 2778 Festo
2314 2765 2331 2791 ,
2365 2726 2598 2779 Paulina.
2630 2725 2842 2778 Nomen
2871 2741 3026 2777 suum

2010 2806 2275 2858 servatJn
2290 2823 2416 2876 agro
2430 2805 2737 2871 Pometino,
2758 2805 2806 2857 ἂν
2829 2811 2901 2875 τῷ
2923 2809 3027 2858 110·

2011 2885 2242 2956 μιντὶνων
2261 2881 2422 2955 πεδίῳ
2444 2885 2545 2937 fuit
2560 2925 2576 2948 ‚
2610 2885 2788 2956 inquit
2807 2884 3025 2956 Dionys.

2008 2965 2111 3018 loc.
2130 2965 2220 3016 eit.
2244 2965 2333 3017 cui
2356 2982 2557 3018 nomen
2580 2983 2612 3017 a
2638 2964 2825 3018 Suessa
2841 2964 3027 3017 Pome-

2008 3045 2106 3109 tia,
2128 3044 2453 3097 Volscorum
2478 3043 2613 3097 urhe
2630 3042 3026 3097 mediterranea.

2007 3125 2089 3178 De
2136 3122 2235 3177 hac
2284 3123 2479 3194 palude
2522 3121 2757 3176 dicemus
2798 3125 2989 3177 iterum
3009 3162 3027 3189 ,

2007 3203 2103 3258 lib.
2129 3203 2338 3269 XXVI,
2363 3222 2477 3273 cap.
2501 3225 2551 3272 9.
2572 3203 2751 3257 Hum-

2092 3289 2143 3345 4.
2170 3283 2451 3340 XXXIII.
2483 3282 2573 3336 sio
2596 3283 2655 3336 in
2676 3279 3028 3354 Chiffi.Apud

2010 3363 2187 3417 Dulce.
2218 3375 2270 3415 et
2298 3362 2412 3416 Elz.
2441 3367 2625 3433 viginti
2650 3367 2807 3416 trium.
2831 3363 2933 3416 En.

2091 3442 2145 3496 5.
2191 3443 2357 3509 Ufens.
2383 3443 2577 3496 Vibius
2592 3442 2710 3514 Seq.
2730 3459 2852 3514 pag.
2878 3443 2993 3496 338
3012 3481 3027 3506 ‚

2015 3521 2165 3588 Ulcus
2190 3523 2465 3576 Terracinae
2488 3526 2753 3594 pmximus.
2790 3521 2887 3575 Sil.
2912 3521 3026 3574 Ital.

2008 3603 2165 3667 vm,
2201 3603 2413 3657 v.-381:
2452 3628 2476 3652 ι
2497 3602 2744 3656 Limnes
2773 3619 2907 3656 euno
2934 3619 3031 3674 per

2008 3680 2247 3753 squalida
2273 3681 2517 3736 turbidus
2548 3702 2669 3736 arva
2684 3683 2845 3753 Cogit
2872 3699 3031 3754 aquas

2007 3763 2177 3814 Ufens
2194 3801 2211 3827 ,
2226 3775 2384 3835 atque
2410 3763 2579 3816 inficit
2594 3781 2806 3834 aequora
2824 3762 2972 3815 limo.
3001 3786 3022 3806 ι

2007 3841 2237 3894 InMSS.
2255 3843 2443 3910 flumen
2469 3843 2710 3909 Uscntum.
2728 3841 2893 3894 Amni
2923 3859 3031 3893 no-

2010 3939 2131 3974 men
2174 3923 2214 3974 il
2245 3921 2533 3995 Por-tutore:
2562 3921 2853 3977 Terracina
2876 3940 3027 3975 suum

2009 4001 2222 4054 retinet.
2255 4003 2334 4054 De
2360 4015 2559 4056 vetusta
2590 4003 2819 4056 Anxuris
2846 4001 3026 4072 appel·

2013 4081 2209 4134 latione
2232 4082 2415 4136 Festus
2438 4083 2745 4154 Liviusque.
2777 4082 2921 4135 Hinc
2938 4082 3033 4134 Ju-

1956 5135 3295 5172 ——-——-——-0-——.—,b—-——--
