3300 5175
1155 525 1474 593 LIBER
1527 526 1674 593 111.
2383 523 2479 597 35

333 672 445 725 tur
484 654 886 725 Icositani¹⁹.
937 656 1101 725 Mox
1139 658 1531 726 Latinorum
1554 653 1603 680 ²⁰
1638 660 2046 741 Lucentum,
2087 658 2404 729 Dianium
2435 657 2478 683 ²¹
2528 668 2558 721 3

332 762 837 857 stipendiarium
882 788 896 831 :
942 764 1154 833 Sucro
1177 760 1223 787 ²²
1268 762 1555 850 fluvius,
1608 777 1678 831 et
1719 762 2054 857 quondam
2110 764 2432 859 oppidum
2464 822 2483 853 ‚

332 870 784 939 Contestaniae
826 868 996 939 finis.
1036 872 1251 966 Regio
1293 854 1680 939 Edetania²³
1723 892 1987 939 amoeno
2031 872 2483 965 praetendente

328 1002 403 1045 se
442 991 717 1071 stagno,
756 975 841 1045 ad
876 974 1247 1047 Celtiberos
1282 976 1619 1047 recedenS.
1661 964 2026 1045 Valentia²⁴
2065 976 2354 1066 colonia,
2395 1003 2480 1051 111

332 1106 416 1153 n.
468 1106 638 1178 pass.
676 1108 717 1153 a
752 1086 923 1152 mari
958 1098 1216 1154 remota
1250 1110 1263 1151 :
1295 1084 1545 1153 flumen
1592 1084 1906 1169 Turium,
1952 1098 2020 1153 et
2063 1085 2482 1155 tantumdem

328 1215 368 1259 a
404 1192 581 1259 mari
622 1192 993 1285 Saguntum
1017 1241 1036 1275 ,
1074 1192 1319 1261 civium
1364 1193 1828 1261 Romanorum
1873 1189 2234 1285 oppidum,
2273 1191 2404 1261 fide
2433 1179 2480 1217 ²⁵

328 1412 384 1453 tn
406 1398 719 1473 pera-adite
748 1396 1135 1466 Gothofredus,
1150 1400 1205 1453 in
1220 1398 1357 1453 cod.

328 1478 545 1535 Theod.
572 1480 667 1533 lib.
697 1480 799 1545 IV,
825 1479 903 1533 tit.
932 1480 1019 1544 13,
1041 1478 1110 1532 de
1124 1482 1243 1551 jure
1264 1482 1366 1535 Ita·

327 1561 459 1625 lico,
493 1572 595 1613 etc.
614 1578 734 1630 pag.
756 1576 881 1612 221.
916 1558 1104 1612 Rutu.

418 1659 445 1693 1
458 1660 513 1710 9.
556 1640 805 1693 Icositani.
861 1640 942 1692 Ite
984 1640 1111 1692 libri
1160 1657 1361 1693 omnes.

330 1720 401 1773 ni
418 1758 437 1785 ,
458 1719 637 1790 inquit
652 1760 669 1786 ,
696 1719 973 1773 Illicitanae
993 1718 1215 1772 coloniae
1246 1719 1364 1772 foro

327 1819 388 1853 ae
410 1796 775 1871 jurisdictioni
796 1796 1363 1870 subduntur.——Igno·

328 1892 481 1933 ratur
501 1898 692 1932 eorum
724 1880 867 1931 situs.
897 1878 967 1930 Η.
988 1890 1042 1931 et
1062 1880 1166 1931 En.

412 1979 507 2013 ὀ.
526 1960 829 2011 Latinae-mn.
852 1958 971 2011 Hoc
985 1971 1082 2024 est,
1096 1958 1235 2011 Latii
1244 1960 1364 2029 jure

328 2038 610 2093 donatum.
626 2040 923 2091 Lucentum
932 2038 1133 2092 Arabes
1146 2038 1365 2110 proefixo

327 2120 567 2173 articulo
596 2119 831 2171 Alio-ante
859 2115 1069 2182 dixere,
1082 2118 1365 2171 celeberri-

329 2218 484 2253 mum
514 2196 681 2251 hodie
703 2196 1009 2269 emporium
1036 2198 1093 2251 in
1120 2199 1287 2271 Resno
1305 2198 1367 2250 de

331 2280 595 2332 Valencia.
624 2278 809 2331 Ham).

420 2378 519 2413 ιι.
552 2358 807 2411 Dianium.
834 2356 1107 2420 Straboni,
1134 2357 1229 2410 lib.
1248 2358 1365 2421 111,

328 2458 451 2511 pag.
478 2436 613 2507 159.
644 2438 853 2491 Διάνιον.
872 2438 1033 2490 Nunc
1058 2438 1241 2490 Denae‘a.
1264 2438 1364 2489 hi-

328 2516 502 2584 doro,
530 2518 757 2571 Znnium
773 2555 789 2584 ,
814 2529 876 2570 ut
892 2536 997 2590 pro
1022 2516 1219 2581 Diana,
1252 2518 1363 2570 Za-

330 2613 379 2654 ta
405 2597 599 2652 dixere
628 2598 936 2669 antiquitus.
968 2597 1149 2650 Hm.

410 2699 507 2733 αἱ.
528 2679 702 2732 Sucro.
732 2679 1005 2750 Σώκρωνος
1020 2714 1038 2740 ,
1065 2677 1230 2732 hodie
1246 2679 1363 2731 Xu-

330 2781 435 2826 car,
444 2759 696 2812 meminit
718 2757 937 2819 Strabo,
960 2758 1063 2811 loc.
1082 2759 1171 2812 cit.
1191 2758 1365 2830 Oppi·

330 2838 403 2905 di,
434 2839 758 2910 Antoninus.
773 2839 875 2891 Hic
888 2838 1235 2892 Sucronensis
1260 2856 1363 2910 pu·

329 2939 457 2990 gna,
472 2919 613 2972 inoer
630 2917 945 2990 Pompeium
961 2931 1015 2970 et
1032 2917 1329 2972 Sertorium
1346 2937 1361 2973 ε

330 2999 397 3052 de
428 3017 539 3070 qna
569 2998 839 3052 Plutarch.
864 2999 923 3051 in
940 2997 1179 3052 Sertorio
1198 3038 1213 3063 ,
1239 3017 1359 3072 pag.

334 3081 471 3151 578.
527 3081 757 3132 Amnem
799 3078 949 3131 hunc
1012 3079 1364 3134 Contestania

328 3161 497 3213 finem
532 3159 663 3213 facit
685 3159 845 3212 etiam
880 3158 1219 3223 Ptolemaeus,
1262 3159 1359 3212 lib.

330 3241 385 3292 11
399 3279 417 3304 ,
444 3257 567 3311 cnp.
584 3243 641 3304 6,
666 3241 859 3310 cujus&
872 3237 1191 3309 Carthagine
1202 3257 1360 3304 nova,

330 3317 481 3391 quod
494 3331 553 3372 et
568 3318 775 3374 Plinius
799 3319 943 3378 fecit,
969 3317 1356 3372 ducitinitium.

333 3398 618 3472 Oppidum
644 3397 809 3452 hodie
830 3398 1023 3452 Alcim.
1058 3399 1236 3451 Hinn.

413 3479 509 3533 23.
552 3479 821 3531 Edetania.
885 3469 1163 3535 ἠὸητανῶν
1210 3478 1355 3547 regio

334 3559 625 3613 Ptolemoeo
638 3597 657 3622 ‚
710 3558 813 3610 loc.
864 3558 955 3611 cit.
1001 3556 1085 3610 Ad
1140 3557 1357 3610 Iberum

335 3657 501 3711 usque
529 3651 583 3692 et
624 3639 1077 3708 Caesaraugustam
1106 3655 1167 3690 ea
1194 3637 1359 3708 perti-

334 3720 467 3772 nuit.
499 3716 663 3790 Apud
687 3717 1013 3783 Gruterum,
1052 3736 1169 3790 pag.
1208 3721 1314 3782 481
1340 3737 1354 3768 ε

334 3800 602 3853 Eun-un.
629 3829 713 3842 --
730 3797 983 3868 Stagnum
1007 3798 1168 3851 hodie
1195 3797 1357 3850 Albu-

326 3880 439 3943 sem
478 3891 715 3932 vocatur.
742 3879 850 3930 En.

420 3965 509 4021 ²4·
570 3959 821 4010 Valentia.
890 3954 1065 4009 Hodie
1120 3958 1358 4009 Valencae'a

338 4052 495 4110 caput
516 4039 665 4108 regni
690 4037 751 4090 de
768 4037 826 4088 V
818 4037 1005 4089 alencia
1032 4035 1180 4090 dicti.
1208 4039 1357 4090 Hanc

340 4117 563 4170 Turium
580 4117 779 4170 flumen
794 4117 1125 4190 preterfluit,
1144 4115 1289 4188 quod
1305 4131 1357 4170 et

340 4197 477 4250 Mela
485 4199 715 4252 Turium
726 4198 955 4268 appellat
964 4197 1257 4260 ,Sallustius
1273 4215 1357 4248 au·

1460 1412 1569 1452 tem
1605 1401 1826 1463 Turiam,
1863 1417 2024 1471 quem
2054 1401 2295 1472 sequitur
2335 1413 2486 1455 vetus

1453 1476 1596 1551 apud
1631 1480 1935 1551 Dalecamp.
1955 1479 2046 1533 hic
2085 1482 2237 1535 Turia
2268 1483 2483 1553 legens:

1453 1557 1597 1631 apud
1644 1558 1904 1631 quosdam
1952 1559 2113 1613 etiam
2161 1560 2350 1613 Durius
2399 1582 2486 1615 re·

1452 1640 1676 1711 peritur.
1701 1641 1946 1693 Vocatur
1961 1652 2140 1694 eutem
2157 1640 2323 1695 hodie
2347 1641 2486 1696 Gem-

1453 1720 1704 1773 dalaviar.
1733 1724 1832 1774 En.

1538 1800 1629 1857 25.
1674 1799 1800 1852 Fide
1830 1800 2005 1853 nobile.
2031 1800 2254 1865 Florus,
2279 1801 2447 1855 lib.11
2465 1840 2482 1866 ,

1450 1898 1564 1949 cap.
1598 1883 1665 1934 6:
1690 1904 1714 1927 ι
1731 1880 1797 1932 In
1824 1898 2036 1935 causam
2061 1881 2190 1933 belli
2217 1880 2482 1952 saguntus

1452 1957 1660 2013 delecta
1720 1970 1797 2012 est
1842 1960 1910 2013 nb
1934 1960 2286 2022 ‘Hannibale‚
2331 1974 2482 2015 vetus

1453 2038 1721 2110 Hispania
1731 2038 1936 2106 civitas,
1955 2052 2012 2092 et
2023 2041 2276 2112 opulenta
2289 2058 2303 2093 ε
2325 2039 2482 2093 fidei-

1452 2137 1561 2190 que
1592 2137 1716 2189 erga
1755 2120 2022 2173 Romanos
2065 2138 2316 2191 magnum
2357 2122 2479 2192 qui-

1452 2196 1607 2262 dem,
1637 2195 1733 2251 sed
1773 2198 1917 2252 triste
1949 2211 2386 2253 monumentum.
2412 2235 2426 2248 .
2455 2234 2468 2248 .

1451 2278 1573 2331 Jnm
1610 2296 1808 2330 novem
1847 2278 2116 2331 mensibus
2159 2279 2277 2332 fessi
2305 2280 2478 2345 fame,

1454 2357 1743 2421 machinis,
1783 2357 1959 2423 ferro,
1983 2375 2130 2411 versa
2155 2356 2389 2430 denique
2420 2360 2478 2412 in

1452 2438 1653 2490 rabiem
1679 2435 1788 2490 fide
1801 2475 1818 2502 ,
1848 2437 2136 2490 immanem
2163 2438 2220 2491 in
2245 2439 2362 2492 foro
2385 2460 2479 2493 ex-

1452 2516 1617 2577 citant
1626 2536 1818 2587 rogum
1841 2534 1857 2570 t
1881 2529 1996 2569 tum
2013 2515 2246 2590 desuper
2262 2537 2317 2571 se
2329 2538 2477 2573 suos·

1452 2615 1559 2668 que
1578 2637 1595 2664 ‚
1640 2615 1767 2651 cum
1816 2598 2066 2652 omnibus
2102 2599 2298 2673 opibus
2336 2601 2472 2664 suis,

1453 2677 1596 2730 sex-rb
1647 2690 1701 2731 et
1725 2677 1840 2746 igni
1873 2690 2243 2750 corrumpunt.
2269 2705 2290 2726 ι
2335 2679 2478 2734 Vide

1452 2754 1682 2828 August.
1728 2755 1796 2810 de
1841 2757 2003 2812 civit.
2050 2759 2150 2812 Dei
2169 2797 2186 2823 ,
2225 2759 2320 2813 lib.
2363 2762 2476 2826 111,

1453 2856 1567 2910 cap.
1590 2857 1686 2902 ιο,
1707 2837 1943 2907 Αρρίειιι.
1966 2839 2021 2892 in
2037 2840 2179 2891 Iber.
2201 2857 2318 2911 pag.
2343 2843 2414 2893 26
2428 2861 2474 2905 1,

1452 2929 1506 2972 et
1532 2917 1773 2982 Livium,
1797 2916 1889 2970 lib.
1918 2919 2210 2990 XXI,eap.
2240 2937 2297 2988 7,
2323 2937 2471 2992 seqq.

1451 3010 1505 3051 et
1528 2996 1622 3050 lib.
1650 2997 1928 3064 XXVIII,
1960 3017 2074 3068 cap.
2109 2999 2182 3066 39
2200 3037 2216 3060 ,
2249 2999 2342 3050 ubi
2369 2999 2474 3053 hoc

1450 3075 1716 3150 oppidum
1755 3078 1898 3147 jussu
1933 3089 2141 3130 senatus
2166 3075 2473 3131 restitutum

1450 3157 1609 3211 fuisse
1641 3169 1824 3210 namt
1862 3181 1886 3204 ι
1906 3155 2037 3210 fidei
2065 3157 2272 3210 socialis
2303 3158 2474 3211 utrin-

1448 3255 1557 3308 que
1580 3249 1798 3290 servata
1818 3233 2200 3290 documentum
2225 3238 2477 3290 omnibus

1446 3317 1708 3388 gentibue.
1722 3341 1744 3364 ιι
1759 3313 2031 3386 Indigenas
2045 3317 2225 3370 locum
2247 3335 2357 3370 esse
2371 3337 2475 3389 pu-

1447 3409 1579 3462 tant,
1604 3395 1700 3449 ubi
1717 3413 1860 3448 nunc
1875 3407 1951 3448 est
1963 3397 2261 3460 Murviedm,
2285 3411 2474 3468 quarto

1448 3477 1529 3530 vel
1553 3476 1744 3548 quinto
1765 3473 1944 3546 lapide
1967 3495 1998 3529 a
2019 3477 2264 3531 Valentia
2285 3475 2353 3530 ad
2367 3477 2474 3530 Bo-

1445 3575 1589 3610 ream
1610 3595 1625 3622 ,
1671 3556 1766 3608 ubi
1793 3556 1988 3609 veteris
2015 3555 2236 3628 Sagunti
2278 3556 2474 3611 rudera

1445 3636 1606 3691 fuisse
1634 3648 1841 3689 ostensa
1871 3637 2002 3708 Regi
2036 3637 2316 3692 Catholico
2343 3637 2472 3690 Phi·

1443 3717 1597 3790 lippo
1612 3718 1683 3776 V,
1700 3728 1883 3769 octava
1893 3714 1983 3769 die
1992 3716 2142 3777 Maii,
2155 3717 2281 3770 anni
2306 3735 2329 3769 1
2341 3735 2370 3786 7
2383 3731 2472 3785 19,

1446 3797 1630 3850 nuncii
1646 3796 1854 3867 publici
1868 3797 2010 3868 typis
2023 3797 2263 3870 impressi
2285 3794 2470 3869 prodi·

1446 3875 1658 3930 derunt.
1677 3876 1958 3929 Mun-iedm
1973 3875 2162 3930 dicunt
2176 3879 2344 3949 patria
2365 3876 2470 3927 lin-

1447 3975 1551 4027 gua
1576 3975 1688 4010 esse
1711 3977 1894 4008 murum
1919 3969 2139 4011 veterem.
2164 3959 2234 4010 Η.
2255 3988 2334 3998 —-
2353 3955 2470 4008 Ma-

1446 4037 1627 4089 luisset
1652 4037 1831 4090 Dalec.
1855 4040 2024 4089 civium
2043 4038 2364 4089 Romanorum
2390 4055 2472 4104 op-

1438 4116 1607 4186 pidum
1621 4115 1730 4186 sade
1767 4117 1924 4170 nobile
1939 4159 1953 4180 ,
1987 4115 2156 4169 deleta
2187 4130 2304 4189 post
2337 4118 2474 4187 oppi-

1446 4197 1555 4248 dum
1578 4197 1803 4268 virgula.
1836 4195 1938 4248 Eu.

2004 4301 2100 4374 3,
