3300 5175
807 530 894 599 18

1352 534 1428 597 (Ζ.
1487 531 1845 599 PLINII
1902 530 2125 597 NAT.
2184 528 2445 598 HIST.

789 662 968 757 quod
989 664 1026 731 J
1032 658 1312 731 ulienses
1329 685 1345 728 :
1367 662 1564 730 Vesci
1578 647 1654 748 ⁵⁴,
1671 660 1851 756 quod
1870 662 2185 731 Faventia
2207 685 2221 729 z
2244 658 2471 754 Singili
2482 645 2554 748 ⁵⁵,
2574 644 2937 753 Atteguaffi,

785 908 1004 972 Boetica3
1023 902 1172 978 quod
1191 924 1300 958 non
1322 904 1818 961 animadverterunt

785 986 1036 1041 nonnulli
1089 986 1435 1056 interpretes,
1489 1004 1623 1056 quos
1676 986 1819 1038 inter

783 1070 1091 1131 Pomsnmr
1125 1083 1200 1119 nn
1227 1065 1400 1119 δινεῖ
1429 1066 1524 1137 qui
1552 1084 1638 1119 eas
1662 1066 1821 1119 urbes

783 1166 948 1201 unam
1021 1142 1374 1218 eamdemque
1438 1165 1548 1199 esse
1629 1158 1783 1217 putat
1803 1183 1822 1213 ,

785 1247 948 1301 quam
970 1227 1120 1297 Ecija
1143 1237 1312 1287 vocat,
1341 1224 1616 1279 adversam
1640 1237 1819 1279 tamen

785 1306 1058 1363 sententiae
1097 1324 1204 1359 suae
1244 1305 1556 1377 opinionem
1595 1304 1821 1359 Martini

789 1387 859 1441 de
891 1388 1036 1451 Roa,
1065 1385 1120 1439 in
1161 1385 1299 1440 Hist.
1329 1386 1540 1457 Astigit.
1577 1384 1671 1439 fol.
1713 1382 1783 1438 13
1802 1424 1821 1449 ,

786 1468 1022 1523 referens
1037 1504 1054 1531 ,
1099 1466 1195 1536 qui
1239 1464 1378 1519 hanc
1419 1464 1612 1518 urbem
1656 1462 1821 1518 hodie

789 1565 900 1600 esse
927 1547 1143 1600 Alkamu
1163 1586 1179 1609 ,
1211 1545 1349 1599 inter
1371 1545 1614 1600 Granada
1637 1558 1691 1599 et
1708 1544 1823 1597 Ma-

789 1628 909 1697 laga
923 1666 939 1690 ,
964 1622 1114 1680 baud
1135 1625 1404 1678 immerito
1420 1664 1436 1690 ,
1460 1637 1524 1678 ut
1551 1644 1651 1697 ego
1673 1643 1823 1689 reor,

789 1725 913 1760 eum
941 1705 1186 1759 docebat.
1219 1704 1371 1757 Hane
1399 1704 1713 1776 opinionem
1740 1722 1823 1757 se·

791 1786 977 1859 quitur
1003 1798 1060 1839 et
1085 1786 1413 1839 Mannertus.
1447 1786 1554 1839 En.

875 1866 969 1930 54.
1031 1865 1210 1929 Vesci,
1245 1864 1378 1937 quod
1403 1864 1659 1917 Faventia.
1702 1864 1825 1917 Pto-

790 1945 978 2001 lemoo
1008 1944 1114 1999 loc.
1155 1944 1248 1999 eit.
1285 1944 1515 2007 Οὕισιιις.
1547 1943 1825 1998 Girolamo

791 2024 1025 2079 Ruscelli
1065 2043 1182 2079 eam
1213 2024 1374 2078 etism
1411 2043 1560 2079 nunc
1587 2023 1827 2077 Faventia

793 2104 1173 2177 vocari,Niger
1186 2105 1376 2157 urbem
1399 2104 1693 2169 esseVelcz,
1716 2122 1826 2157 nou

794 2186 988 2257 procul
1035 2186 1102 2237 ab
1151 2184 1364 2237 interno
1409 2183 1546 2239 mari
1587 2196 1642 2235 et
1695 2183 1829 2236 urbe

795 2265 991 2329 Motril,
1005 2261 1372 2331 contendunt;
1392 2281 1490 2335 ego
1506 2275 1688 2316 sutem
1697 2262 1834 2316 Har·

794 2344 1026 2398 duinum
1075 2343 1229 2417 sequi
1279 2342 1522 2408 mallem,
1564 2342 1663 2417 qui
1714 2360 1831 2397 eam

799 2423 1108 2487 Archidona,
1124 2424 1264 2477 inter
1280 2422 1562 2499 Antequera
1581 2436 1634 2477 et
1646 2422 1703 2477 A
1704 2422 1835 2475 lcala

803 2506 853 2555 la
878 2504 1006 2555 Real
1024 2520 1135 2557 esse
1160 2514 1330 2575 putat.
1354 2504 1458 2556 En.

887 2583 979 2639 55.
997 2581 1197 2658 Singili·
1223 2582 1508 2640 Nonnulli.
1537 2597 1600 2638 ut
1626 2601 1755 2637 mox
1778 2583 1835 2636 in

801 2666 1031 2734 Attegua
1081 2661 1350 2728 dicemus,
1386 2661 1598 2733 Singilia
1619 2665 1837 2734 Jegunt,

802 2761 902 2795 nos
915 2755 1094 2795 autem
1105 2741 1374 2795 Ortelium
1389 2741 1838 2814 Harduinumque

805 2823 959 2894 sequi
989 2820 1307 2888 maluimus,
1335 2821 1440 2874 illis
1465 2835 1642 2878 tamen
1676 2823 1836 2882 mini-

805 2920 894 2954 me
939 2901 1284 2956 assentientes
1301 2941 1318 2966 ,
1373 2917 1542 2972 quum
1592 2901 1839 2956 eamdem

807 2981 948 3034 hauc
978 2981 1170 3034 urbem
1187 2980 1538 3055 Anet'quare'am
1553 3022 1572 3046 ,
1601 2982 1714 3035 sive
1734 2984 1841 3034 An·

813 3064 1033 3114 ricarium
1055 3060 1330 3114 Antonino
1350 3058 1548 3114 dictam
1569 3061 1729 3116 fuisse
1753 3083 1841 3116 vo·

807 3138 946 3194 lunt.
976 3139 1314 3206 n’Anvrnzn,
1337 3139 1511 3195 multo
1535 3142 1757 3205 rectius,
1782 3154 1843 3196 ut

808 3217 1266 3290 opinor‚diversas
1284 3220 1446 3274 fuisse
1467 3221 1628 3274 urbes
1644 3235 1839 3274 censet.

811 3299 1082 3352 Anticaria
1113 3297 1170 3352 in
1201 3300 1286 3354 via
1317 3318 1540 3354 romana
1579 3300 1679 3354 sita
1706 3300 1810 3354 fuit
1827 3340 1842 3366 ‚

810 3377 988 3432 forsan
1002 3397 1113 3449 quo
1125 3379 1246 3431 loco
1258 3378 1426 3435 hodie
1443 3380 1837 3452 estAntequet-a,

809 3457 1130 3530 Singilisque
1165 3457 1236 3511 ad
1260 3460 1432 3531 ripam
1459 3459 1616 3514 fluvii
1645 3479 1844 3532 cogno-

811 3537 1002 3602 minis,
1036 3555 1179 3591 nunc
1217 3537 1314 3590 lico
1349 3537 1501 3592 Gem'l
1541 3537 1671 3593 dicti
1688 3579 1705 3606 ,
1735 3559 1843 3612 quo

811 3616 932 3669 loco
961 3635 1107 3670 nunc
1139 3628 1218 3670 est
1239 3617 1424 3672 Pacate
1457 3619 1517 3671 de
1547 3620 1661 3672 Dora
1702 3619 1844 3673 Gon-

814 3697 942 3750 zalo.
985 3694 1270 3750 Anticaria
1308 3711 1520 3770 reperta
1557 3698 1842 3770 inscriptio

809 3773 956 3850 apud
975 3776 1132 3830 Grut.
1162 3789 1356 3842 exstat,
1381 3795 1497 3850 pag.
1523 3779 1659 3849 437,
1682 3780 1845 3832 Mant-

809 3859 904 3927 cip.
932 3855 1322 3926 Singilieasium‚
1348 3859 1505 3928 cujus
1528 3859 1846 3914 auctoritate

809 3949 989 3990 motus
1015 3935 1347 4000 n’Aztvum,
1367 3937 1693 3992 Anticariam
1725 3937 1846 3993 Siu-

809 4015 932 4084 gilis
979 4013 1281 4070 auctoritati
1323 4017 1634 4070 submissam
1689 4019 1846 4072 fuisse

809 4107 989 4162 putat,
1023 4093 1116 4148 sed
1134 4133 1150 4160 ‚
1178 4107 1236 4147 ut
1252 4096 1362 4166 jam
1395 4114 1504 4149 non
1527 4098 1692 4150 semel
1714 4096 1847 4151 dixi-

812 4190 930 4228 mus
949 4211 966 4240 ,
994 4175 1134 4229 falsae
1165 4190 1506 4250 recentesque
1555 4190 1678 4230 sunt
1706 4178 1847 4232 Gru-

1908 906 2006 957 teri
2067 904 2440 975 inscriptiones
2465 945 2481 970 ‚
2526 904 2777 976 nullaque
2834 904 2939 957 illis

1906 983 2040 1038 fides
2060 982 2381 1040 adhibenda.
2402 986 2507 1037 En.

2015 1065 2107 1119 56.
2158 1066 2400 1136 Aetegua.
2457 1064 2613 1119 Prius
2662 1064 2939 1136 legebatur

1908 1144 2123 1215 Singilia
2137 1186 2153 1209 ,
2174 1144 2376 1215 Hegua.
2396 1143 2519 1198 Scio
2540 1144 2596 1197 iu
2611 1146 2717 1198 hoc
2733 1145 2939 1198 Baetica

1909 1237 2081 1279 tractu
2128 1225 2342 1295 Αῑγουαν
2380 1242 2411 1277 a
2450 1224 2713 1277 Strabone
2754 1225 2939 1291 citari,

1907 1304 2002 1359 lib.
2025 1304 2128 1370 111,
2149 1323 2269 1377 pag.
2293 1322 2315 1358 t
2330 1311 2396 1369 ἀι
2416 1344 2431 1365 ,
2459 1304 2555 1359 sed
2578 1324 2747 1375 quum
2770 1304 2941 1375 Singi-

1909 1385 2147 1455 liattegua
2192 1386 2249 1438 in
2288 1384 2442 1438 MSS.
2484 1384 2775 1449 scribatur,
2812 1386 2939 1455 Reg.

1917 1482 1941 1518 1
1966 1502 1982 1529 ,
2030 1483 2057 1517 α
2079 1502 2095 1531 ,
2134 1477 2235 1518 etc.
2272 1462 2456 1535 Singili·
2478 1483 2498 1516 .·
2536 1466 2757 1535 Attegua
2793 1462 2941 1518 baud

1911 1557 2225 1598 cunctanter
2252 1563 2493 1616 agnosco·
2518 1545 2655 1598 Nam
2688 1544 2757 1598 de
2792 1548 2941 1599 Atte-

1908 1642 2011 1695 gua
2064 1624 2303 1698 primum
2353 1625 2458 1677 Dio
2519 1624 2765 1679 meminit
2835 1623 2931 1677 lib.

1910 1702 2267 1777 me,pag.
2311 1704 2438 1759 230.
2478 1696 2738 1776 Ᾰττεγούα.
2772 1706 2941 1770 πόλις,

1912 1780 2057 1837 haud
2100 1784 2291 1856 procul
2320 1782 2576 1839 Corduba
2592 1825 2609 1851 ,
2638 1804 2751 1838 non
2782 1784 2943 1839 semel

1914 1877 2089 1917 autem
2138 1863 2375 1931 Hirtius,
2421 1866 2459 1917 l.
2500 1864 2571 1919 de
2608 1865 2753 1919 bello
2787 1864 2940 1935 Hisp.

1912 1960 2033 2015 pag.
2061 1942 2171 2014 ²59
2190 1982 2207 2009 ,
2230 1956 2285 1997 et
2306 1946 2650 2017 Attegueuses
2671 1944 2949 2017 Pompeia·

1912 2042 2107 2079 narum
2148 2024 2380 2095 partium
2424 2025 2587 2079 fuisse
2630 2024 2819 2078 scribit
2844 2024 2949 2076 Va·

1914 2102 2077 2156 lerius
2122 2104 2270 2158 Max.
2314 2105 2410 2158 lib.
2452 2106 2565 2167 lx,
2614 2124 2733 2178 cap.
2776 2124 2805 2157 a
2824 2142 2843 2171 ,
2890 2110 2943 2167 4.

1916 2182 2441 2239 sssum—Mariana
2463 2203 2678 2257 quoque
2706 2184 2801 2238 lib.
2830 2184 2949 2247 111,

1916 2260 2117 2317 Histor.
2179 2264 2400 2338 Hispan.
2456 2284 2575 2339 cap.
2630 2284 2697 2319 ιι
2727 2305 2744 2330 ,
2804 2264 2951 2317 Ληο-

1914 2362 2019 2413 gua
2037 2383 2053 2407 ,
2087 2343 2293 2416 inquit,
2333 2346 2516 2399 decimo
2558 2357 2693 2398 sexto
2734 2344 2799 2397 ab
2834 2343 2949 2397 urbe

1923 2420 2151 2477 Corduba
2188 2424 2349 2497 lapide
2386 2428 2482 2478 sita
2513 2438 2620 2477 erat
2638 2467 2655 2491 ,
2700 2446 2795 2497 quo
2826 2444 2950 2477 nunc

1922 2503 2028 2555 loco
2052 2508 2205 2557 mines
2230 2517 2415 2559 tantum
2436 2517 2627 2559 exstant
2645 2506 2791 2558 Teboe
2815 2516 2950 2556 vete·

1922 2585 1992 2636 ris
2017 2586 2205 2638 nemim
2236 2604 2249 2639 :
2290 2584 2443 2642 addit
2477 2584 2790 2641 Harduinus
2822 2586 2953 2638 Tem

1922 2666 2038 2734 veja
2050 2705 2067 2727 ‚
2087 2677 2234 2719 sexto
2252 2665 2363 2720 fere
2382 2666 2597 2722 milliari
2610 2667 2680 2719 ab
2698 2665 2953 2738 Antiqua·

1923 2744 2003 2796 ria
2020 2743 2282 2818 Hispalim
2300 2747 2576 2812 euntibus,
2594 2765 2705 2799 non
2720 2744 2955 2800 animad-

1924 2836 2137 2878 vertens
2182 2825 2297 2880 boe
2334 2845 2457 2880 cum
2484 2827 2739 2880 Mariano
2778 2824 2952 2879 verbis

1924 2903 2107 2957 decimo
2135 2919 2271 2958 sexto
2296 2907 2359 2958 ab
2388 2907 2503 2959 urbe
2535 2907 2766 2960 Corduba
2796 2905 2955 2976 lapide

1926 3001 2193 3056 pugnare3
2219 3005 2343 3040 nam
2373 2985 2465 3041 illa
2493 2986 2563 3040 de
2588 3005 2693 3058 qua
2717 2987 2954 3058 loquitur

1936 3064 2069 3116 Teba
2094 3083 2222 3119 nxvr
2250 3085 2313 3120 x.
2346 3085 2479 3138 pass.
2516 3084 2546 3120 a
2578 3065 2841 3120 Corduba
2871 3063 2955 3118 di-

1926 3155 2048 3196 stat.
2068 3144 2266 3199 Forsan
2292 3146 2407 3200 hac
2433 3146 2565 3199 Teba
2582 3187 2599 3211 ‚
2622 3149 2774 3218 juxta
2794 3164 2955 3219 quam

1928 3237 2135 3278 montes
2159 3225 2324 3279 San-a
2346 3226 2407 3279 de
2428 3228 2624 3298 Yeguas
2647 3224 2781 3280 dicti
2810 3243 2961 3296 repe-

1926 3302 2143 3357 riuntur
2160 3343 2176 3370 ,
2206 3305 2481 3360 Strabonis
2502 3311 2693 3378 Αῖγουα
2714 3307 2843 3372 suin
2857 3305 2959 3358 Ae-

1931 3393 2073 3452 eegua
2114 3396 2295 3438 autem
2332 3384 2655 3458 requirenda
2696 3399 2776 3439 est
2819 3385 2959 3438 inter

1928 3462 2115 3514 Puente
2142 3465 2203 3516 de
2227 3465 2347 3518 Dan
2378 3465 2609 3521 Gonzalo
2618 3507 2637 3531 ,
2672 3464 2825 3537 quod
2860 3484 2959 3534 op-

1928 3541 2143 3612 pidum,
2161 3557 2377 3600 auctore
2400 3547 2729 3612 n’Anvrnm,
2749 3544 2961 3616 Singilis

1931 3634 2037 3685 est,
2060 3634 2115 3676 et
2138 3623 2393 3691 cordoba,
2418 3626 2637 3680 sortasse
2664 3645 2776 3678 non
2802 3625 2959 3696 longe

1933 3702 1998 3754 ab
2026 3702 2262 3773 Aguilur,
2288 3707 2347 3758 in
2373 3707 2493 3776 ripa
2510 3705 2664 3759 fluvii
2686 3724 2837 3760 nunc
2858 3703 2960 3758 Ca·

1933 3781 2021 3832 bra
2058 3784 2248 3838 vocati.
2288 3786 2474 3858 Longe
2512 3787 2617 3839 alia
2654 3798 2836 3838 tamen
2887 3797 2964 3836 est

1932 3861 2201 3916 Mannerti
2230 3865 2449 3936 opinio,
2476 3866 2572 3936 qui
2596 3866 2742 3919 hanc
2771 3863 2961 3918 urbem

1934 3938 2003 3994 ad
2030 3945 2463 4014 septemtrionem
2488 3945 2647 4000 Baetis
2688 3947 2844 4018 ponit
2864 3984 2881 4010 ,
2910 3957 2962 3996 et

1935 4021 2079 4073 illam
2116 4020 2254 4076 inter
2288 4036 2340 4078 et
2364 4025 2601 4080 Ucubim
2642 4025 2857 4080 fluxisse
2893 4023 2963 4075 ait

1936 4099 2137 4154 flumen
2172 4104 2407 4169 Salsum,
2439 4105 2593 4178 quod
2621 4105 2787 4162 hodie
2820 4107 2961 4162 Gua-

1936 4181 2072 4232 da'ato
2098 4183 2273 4237 vocari
2301 4183 2452 4244 dicit·
2480 4187 2587 4240 En.
