3300 5175
896 560 992 646 84
1339 586 1346 593 ·
1422 562 1500 628 C.
1549 562 1876 633 PLINII
1930 564 2137 633 NAT.
2199 562 2449 632 HIST.

887 690 1065 761 mille
1085 688 1134 714 '⁰
1193 715 1508 785 passuum
1563 694 2042 789 quinquaginta
2092 692 2521 789 longitudine.
2583 695 2748 760 Tam
2804 708 3035 762 tenues

885 797 1249 893 primordio
1301 799 1560 891 imperii
1617 798 1803 869 fuere
1848 800 2119 869 radices,
2176 798 2451 868 Colonis
2506 823 2679 893 saepe
2735 800 3035 883 mutatiS‚

883 921 1157 973 tenuere
1207 904 1313 972 alii
1363 902 1502 973 aliis
1553 906 2001 999 temporibus,
2051 902 2528 999 Aborigines²¹,
2579 903 2869 999 Pelasgi,
2916 916 3038 973 Ar-

883 1012 1109 1098 cadeS,
1148 1008 1384 1092 Siculi,
1409 1013 1736 1097 Aurunci,
1778 1008 2024 1080 Rutuli.
2064 1015 2153 1081 Et
2187 1010 2361 1080 ultra
2396 1006 2739 1080 Circeios²²
2765 1009 3037 1095 Volsci,

885 1120 1082 1199 Osci,
1139 1120 1464 1199 Ausones,
1515 1116 1693 1185 unde
1746 1103 2058 1186 nomen'³
2106 1118 2279 1187 Latii
2324 1119 2645 1211 processit
2696 1116 2781 1185 ad
2827 1118 3035 1185 Lirim

885 1247 1169 1293 amnem.
1209 1226 1291 1291 In
1335 1223 1660 1316 principio
1696 1237 1797 1293 est
1833 1224 2055 1307 Ostia,
2098 1221 2357 1293 colonia
2398 1247 2438 1291 a
2485 1248 2764 1291 romano
2780 1208 2829 1251 ²⁴
2878 1248 3035 1317 rege

885 1328 1188 1398 deducta.
1231 1328 1573 1423 Oppidum
1618 1331 2028 1398 Laurentum
2046 1314 2117 1411 ²⁵,
2158 1328 2346 1398 lucus
2386 1313 2637 1397 Jovis²⁶
2669 1328 3035 1423 IndigetiS,

887 1438 1099 1504 amnis
1141 1434 1528 1521 NumiciuS,
1575 1435 1797 1503 Ardea
1840 1460 1880 1503 a
1920 1438 2155 1503 Danae
2204 1437 2423 1504 Persei
2478 1449 2691 1503 matre
2744 1434 3033 1503 condita.

891 1543 1068 1610 Dein
1101 1541 1435 1635 quondam
1461 1539 2023 1635 Aphrodisium²⁷,
2049 1542 2321 1611 Antium
2349 1526 2694 1625 colonia¹⁸,
2730 1543 2971 1609 Astura
2984 1538 3035 1579 ²⁹

970 1772 1056 1807 an.
1107 1748 1250 1805 Mille
1293 1772 1524 1824 passuum
1565 1753 1916 1827 quinquaginta

891 1833 1205 1903 longitudine.
1231 1832 1421 1887 Scribo
1458 1833 1521 1886 L.
1542 1834 1622 1886 M.
1643 1854 1777 1905 pass.
1808 1834 1915 1885 lon·

888 1913 1126 1983 gitudine.
1159 1912 1300 1966 Male
1330 1911 1446 1965 MS.
1475 1914 1602 1984 Reg.
1644 1932 1705 1975 a,
1739 1912 1814 1965 M.
1850 1914 1915 1967 P.

893 1992 954 2043 L.
1002 1993 1304 2063 longitudine
1341 2012 1360 2044 .·
1397 1990 1540 2045 unde
1583 1994 1638 2045 in
1680 1990 1917 2045 editione

892 2072 1140 2143 principe
1175 2073 1303 2123 mille
1331 2092 1386 2141 p.
1427 2084 1480 2123 et
1513 2072 1570 2123 in
1603 2072 1917 2125 recentiori-

893 2153 1014 2211 bm,
1043 2152 1173 2203 millo
1187 2170 1414 2221 passuum
1439 2154 1789 2222 quinquaginta
1818 2152 1920 2203 lon-

891 2231 1124 2300 gitudine.
1166 2228 1576 2283 Emendandum
1618 2230 1722 2282 fuit
1749 2231 1809 2283 L.
1838 2230 1917 2283 M.

891 2330 1134 2379 passuum.
1173 2310 1347 2361 Immo
1385 2308 1598 2361 mallem
1617 2349 1632 2375 ,
1662 2314 1919 2379 sexaginta

897 2391 1048 2441 millia
1061 2408 1290 2460 passuum
1317 2388 1629 2457 longitudine.
1650 2389 1755 2442 Tot
1776 2390 1921 2443 enim

897 2480 1019 2521 sunt
1046 2469 1289 2521 locorum
1333 2463 1533 2531 millia3
1565 2468 1608 2520 si
1651 2468 1768 2521 loca
1807 2468 1921 2540 ipsa

897 2548 1173 2618 inspicias,
1213 2547 1552 2618 tabulamque
1602 2548 1918 2620 geographi-

901 2646 1016 2680 cam
1050 2628 1132 2681 cl.
1153 2629 1448 2680 Boscovmu
1474 2629 1916 2682 accuratissimam

899 2704 1191 2759 dimetiaris
1244 2707 1386 2759 inter
1436 2705 1647 2758 Tiberis
1692 2707 1821 2759 ostia
1868 2718 1921 2759 et

901 2785 1164 2850 Circeios,
1195 2803 1340 2837 nunc
1370 2782 1424 2837 S.
1457 2781 1621 2836 Felice
1637 2825 1652 2848 ,
1679 2785 1747 2838 ad
1772 2785 1919 2838 radi·

900 2884 986 2920 ces
1020 2864 1214 2934 Circeii
1246 2864 1472 2928 montis,
1506 2877 1661 2916 monte
1692 2865 1917 2918 Cir-cello.

901 2945 1070 2996 Bao-r.

984 3041 1076 3076 21.
1105 3022 1431 3092 Aborigines,
1465 3034 1563 3076 etc.
1588 3023 1658 3074 Et
1682 3022 1796 3076 haec
1823 3023 1919 3075 So-

900 3103 1060 3168 linus,
1083 3120 1199 3173 cap.
1219 3121 1284 3167 11,
1305 3120 1422 3174 pag.
1457 3121 1479 3154 1
1494 3122 1545 3155 a.
1567 3103 1648 3154 De
1672 3120 1731 3154 ea
1756 3121 1919 3172 porro

899 3200 1061 3246 voce,
1091 3182 1210 3234 Sex.
1237 3182 1418 3234 Aurel.
1448 3180 1654 3233 Victor.
1682 3181 1739 3234 in
1767 3181 1917 3252 Orig.

903 3261 1090 3314 Gentis
1105 3261 1262 3313 Rom.
1279 3279 1398 3331 pag.
1425 3263 1494 3313 26
1519 3278 1531 3313 :
1561 3260 1919 3330 -Aborigines

903 3339 1178 3410 appellati,
1199 3339 1595 3410 inquit,Gra·.ca
1616 3339 1812 3392 scilicet
1830 3359 1921 3411 ap-

899 3418 1201 3488 pellatione,
1213 3437 1246 3471 a
1260 3417 1622 3472 cacuminibus
1634 3418 1917 3484 montium,

903 3515 1021 3568 quat
1049 3497 1127 3549 illi
1145 3499 1226 3566 ὄρη
1252 3509 1473 3549 vocant:
1492 3495 1576 3549 alii
1599 3497 1791 3549 volunt
1808 3517 1917 3561 eos,

902 3574 1050 3648 quod
1071 3587 1306 3628 errantes
1325 3575 1418 3627 illo
1445 3576 1715 3640 venerint,
1743 3577 1918 3646 primo

903 3653 1244 3724 Aberrigines
1275 3672 1289 3707 :
1323 3666 1446 3725 post
1476 3666 1677 3710 mutata
1706 3654 1915 3718 littera,

903 3735 1064 3787 altera
1088 3731 1335 3804 adempta
1351 3771 1366 3797 ,
1389 3733 1703 3802 Aborigines
1722 3753 1917 3805 cogno-

904 3815 1189 3866 minatos.-
1249 3813 1440 3864 Hausit
1476 3812 1578 3864 hoc
1623 3831 1652 3864 a
1694 3814 1915 3885 Dionys.

903 3893 1076 3946 Halic.
1101 3891 1198 3944 lib.
1226 3891 1281 3954 1,
1312 3891 1491 3962 Autiq.
1525 3893 1681 3944 Rom.
1710 3911 1826 3964 pag.
1861 3913 1915 3963 9.

903 3972 1080 4025 Hann.

988 4070 1078 4105 aa.
1101 4051 1328 4103 Circeios.
1351 4047 1534 4102 chiffl.
1561 4047 1794 4102 Cerceios.
1812 4051 1916 4104 En.

988 4137 1074 4182 23.
1117 4129 1305 4182 Nomen
1335 4127 1487 4180 Latii.
1518 4127 1602 4180 Sic
1640 4129 1697 4180 in
1732 4129 1916 4182 Chiffl.

901 4207 1120 4277 Legitur
1155 4207 1238 4278 ap.
1285 4207 1462 4259 Dalec.
1509 4219 1560 4260 et
1598 4207 1710 4260 Elz.
1749 4228 1915 4260 nomen

2004 1752 2144 1807 modo
2156 1753 2307 1805 Latii.
2329 1751 2435 1805 Pro
2451 1768 2582 1806 voce
2606 1750 2747 1804 modo
2766 1769 3040 1823 propone·

2002 1834 2093 1886 bat
2118 1832 2395 1905 Menagius
2421 1832 2625 1886 demum.
2656 1832 2762 1885 En.

2088 1919 2178 1977 ²4·
2208 1914 2261 1964 A
2286 1914 2505 1963 Romano
2528 1912 2675 1981 Rege.
2701 1912 2852 1963 Anco
2880 1910 3033 1962 Mar·

2006 1992 2121 2057 cio,
2154 2005 2212 2044 ut
2242 1991 2430 2044 Livius
2460 1989 2649 2055 docet,
2675 1990 2774 2044 lib.
2818 1989 2843 2041 I
2862 2026 2879 2054 ,
2913 2008 3035 2061 oep.

2008 2072 2101 2125 33.
2133 2064 2315 2123 Festus
2340 2070 2466 2123 item
2482 2108 2497 2133 ‚
2527 2071 2693 2122 verbo
2728 2069 2893 2122 Ostia.
2925 2068 2997 2123 Η.

2090 2150 2181 2203 25.
2205 2151 2515 2202 Laurentum.
2537 2150 2783 2219 Λωρεντὸν
2811 2149 3035 2220 Dionys.

2005 2229 2171 2283 Halic.
2196 2230 2286 2281 lib.
2322 2232 2375 2293 Ι,
2405 2248 2525 2300 pag.
2562 2229 2655 2282 51.
2686 2228 2744 2280 S.
2777 2228 3031 2289 Lot-euzo,

2004 2308 2181 2361 medio
2246 2309 2384 2361 inter
2442 2308 2649 2361 Ostiam
2701 2308 3032 2378 Antiumque

2004 2388 2296 2441 intervalla
2344 2388 2581 2441 Holsten.
2608 2388 2735 2441 Haec
2764 2389 3035 2439 Laurentia

2004 2468 2240 2520 Maronis
2268 2487 2399 2521 arva.
2428 2466 2608 2519 Ham).

2090 2566 2118 2600 a
2129 2550 2160 2600 6
2168 2586 2182 2600 .
2196 2546 2355 2599 Lucus
2366 2546 2517 2600 Jovis.
2528 2545 2636 2599 Ubi
2650 2543 2901 2600 sacellum
2918 2544 3035 2608 fuit,

2006 2629 2156 2698 cujus
2185 2627 2463 2698 inscriptio
2481 2665 2497 2690 ,
2532 2651 2554 2674 ι
2574 2627 2722 2678 Patri
2747 2627 2863 2677 Deo
2886 2623 3036 2677 Indi-

2005 2707 2109 2778 geti
2123 2744 2139 2770 ,
2159 2708 2249 2778 qui
2268 2707 2505 2759 Numicii
2524 2705 2691 2758 amnis
2706 2704 2882 2758 undas
2905 2716 3039 2756 tem·

2004 2798 2187 2856 perat:
2212 2787 2407 2856 Ποιτρὸς
2428 2791 2553 2840 Θεοῦ
2577 2785 2766 2852 χθονίου
2796 2785 2846 2844 ὃς
2870 2803 3033 2836 ποτα-

2004 2871 2095 2935 μοῦ
2108 2865 2339 2936 Νομικίου
2368 2867 2526 2936 ῥεῦμα
2554 2861 2736 2918 delmi.
2764 2889 2786 2910 ι
2826 2869 3033 2916 Auctor

2008 2944 2229 3015 Dionys.
2250 2944 2421 2996 Halic.
2444 2944 2539 2996 lib.
2570 2945 2627 3009 1,
2650 2963 2771 3014 pag.
2806 2941 2903 2995 ὅτι.
2932 2943 3034 2994 Ar·

2006 3021 2159 3076 deam
2198 3025 2243 3076 is
2276 3023 2448 3075 amnis
2483 3023 2665 3086 alluit,
2708 3019 2862 3094 quod
2890 3040 3037 3074 nunc

2006 3104 2251 3156 Castrum
2310 3099 2584 3156 Caesarina
2640 3101 2816 3173 gentis
2838 3141 2855 3166 ,
2908 3117 3039 3154 cum

2004 3194 2176 3234 vetere
2226 3181 2585 3252 appellatione
2624 3182 2817 3234 Ardea.
2849 3180 3041 3250 Virgi-

2001 3261 2131 3322 lius,
2158 3258 2367 3314 AEneid.
2389 3261 2632 3323 lib.VII‚
2661 3280 2737 3313 vs.
2770 3267 2903 3322 410,
2926 3259 3039 3312 Pli-

2002 3340 2096 3393 nio
2147 3339 2382 3410 praeivit‚
2430 3353 2483 3394 et
2530 3340 2717 3393 Solino
2737 3380 2754 3406 ,
2794 3357 2914 3410 cap.
2958 3357 3041 3402 ιι,

2002 3437 2119 3490 pag.
2157 3437 2180 3472 ι
2196 3439 2245 3472 a.
2274 3419 2457 3471 Hum.

2088 3516 2181 3567 27.
2220 3499 2584 3568 Aphrodisium.
2627 3499 2746 3550 Hoc
2792 3511 2897 3561 est,
2928 3497 3043 3549 Ve-

2002 3578 2145 3640 neris
2162 3579 2421 3648 templum
2452 3579 2583 3632 olim
2602 3617 2617 3643 ,
2636 3596 2787 3631 nunc
2809 3577 3041 3648 vestigia

2004 3669 2224 3710 tantum.
2268 3657 2449 3710 Hnm.

2088 3740 2177 3791 28.
2200 3739 2423 3789 Antium.
2452 3737 2611 3791 Nunc
2634 3736 2893 3809 quoniam
2924 3735 3040 3788 sola

2002 3829 2284 3884 supersunt
2329 3815 2552 3880 rudera,
2600 3816 2771 3870 Anzio
2819 3819 3045 3870 νονὶηαιο

2004 3894 2123 3947 Itali
2146 3897 2337 3950 accolae
2364 3909 2576 3949 vocant.
2603 3896 2789 3948 Humi

2091 3978 2403 4042 29.Astura.
2422 3976 2493 4028 Et
2509 3976 2697 4028 insula
2714 3993 2919 4028 nomen
2936 3973 3040 4026 ho-

2005 4049 2120 4113 die,
2152 4065 2205 4106 et
2228 4056 2372 4106 amni
2402 4068 2597 4108 manet.
2624 4055 2847 4108 Festus:
2878 4054 3043 4106 «Stu-

2004 4149 2061 4183 ra
2100 4131 2299 4186 flumen
2349 4135 2403 4186 in
2448 4153 2579 4204 agro
2620 4134 2881 4188 Laurenti
2926 4145 3041 4194 est,

2004 4209 2151 4280 quod
2174 4211 2395 4283 quidam
2414 4213 2664 4268 Asturam
2686 4225 2899 4268 vocant.
2918 4238 2940 4259 ι
2966 4211 3040 4264 Η.
