3300 5175
1116 559 1444 628 LIBER
1496 559 1625 628 IV.

2303 556 2456 656 3¹9

306 714 493 760 mum
522 689 821 778 emersit,
851 687 1123 760 Calliste
1158 688 1355 758 dicta.
1400 690 1504 758 Ex
1548 711 1628 758 83
1669 686 1898 758 avulsa
1933 702 2167 784 postea
2202 691 2452 762 Thera·

308 798 404 865 Sia
422 781 472 826 ⁴⁵

502 810 746 891 ‘atque
774 797 949 866 inter
968 795 1133 866 duas
1159 809 1355 866 enata
1372 819 1531 864 mox
1545 797 1932 880 Automate,
1959 795 2190 866 eadem
2208 799 2450 868 Hiera.

307 903 465 974 etin
492 916 724 974 nostro
758 927 904 973 aevo
931 903 1103 972 Thia
1129 902 1325 1023 juxta
1356 901 1661 972 eamdem
1695 903 1967 972 Hieram
2001 917 2180 974 nata.
2231 907 2454 977 Distat

306 1014 419 1080 Ios
454 1033 495 1078 a
520 1009 741 1080 Thera
772 1010 1005 1104 viginti
1010 1012 1323 1140 6quinque
1352 1007 1515 1079 mill.
1542 1034 1720 1104 pass·

411 1118 797 1211 Sequuntur
834 1101 1037 1186 [83’16
1048 1117 1417 1205 ,Ascania‚
1455 1117 1776 1212 Anaphe,
1820 1105 2222 1211 Hippuris⁴⁷.
2253 1119 2446 1214 Asty·-
2487 1143 2520 1194 5

308 1222 515 1318 palaea
536 1223 758 1294 liberae
779 1209 1121 1294 civitatis⁴⁸
1126 1224 1457 1310 ‚circuitu
1474 1210 1526 1262 ⁴⁹
1550 1247 1877 1293 Lxxxvm
1901 1221 2059 1291 mill.
2091 1249 2446 1319 passuum:

308 1330 497 1400 abest
528 1354 568 1399 a
597 1329 871 1400 Cadisto
902 1316 1184 1402 Cretae⁵⁰
1200 1353 1377 1401 cxxv
1392 1327 1550 1400 mill.
1581 1330 1687 1400 Ab
1705 1353 1784 1400 ea
1799 1316 2084 1400 Platea⁵¹
2113 1332 2452 1432 sexaginta

309 1435 466 1505 mill.
487 1436 687 1508 Unde
709 1421 1053 1508 Camina⁵²
1090 1438 1363 1532 triginta
1387 1451 1544 1507 octo
1576 1435 1740 1505 mill.
1761 1437 2116 1507 Azibintha
2126 1439 2451 1526 ,Lanise‚

306 1544 546 1638 Tragia
562 1595 583 1632 ,
646 1544 1137 1629 Pharmacum,
1178 1543 1543 1631 Techedia,
1580 1541 1918 1614 Chalcia.
1953 1543 2252 1640 Calydna
2267 1531 2343 1634 ⁵³,
2382 1550 2452 1616 in

312 1708 469 1762 Forte
497 1727 617 1780 qun
654 1707 772 1763 aliis
810 1708 1133 1781 sciptor-ibus
1158 1709 1339 1781 Θήρα,

308 1787 493 1842 eadem
510 1788 687 1842 Plinio
705 1787 983 1842 Philemon-a
996 1787 1211 1854 dicitur.
1233 1790 1343 1844 Ho-

308 1865 399 1920 die
416 1866 667 1922 Samot-in.
688 1869 872 1922 Ham).

392 1947 486 2012 45.
518 1948 1343 2019 ThrasimenpwiuPtolemuo,

307 2027 401 2080 lib.
432 2029 551 2093 111,
580 2047 630 2082 8.
660 2027 750 2082 1-5.
768 2029 927 2083 Nunc
956 2045 1178 2100 quoque
1206 2027 1336 2080 The-

308 2111 458 2162 rasia.
489 2109 571 2161 De
619 2106 784 2161 Hiera
829 2109 926 2162 lib,
972 2109 1055 2174 11,
1096 2125 1213 2178 cap.
1242 2109 1341 2177 89.

308 2186 485 2240 Hodie
518 2187 855 2259 Aspre-Nisi,
896 2188 941 2241 si
974 2186 1117 2242 docti
1164 2188 1338 2242 Lama

307 2285 517 2340 mappas
528 2265 839 2333 credamus;
853 2265 992 2320 Thia
1003 2279 1181 2321 autem
1193 2287 1341 2322 nunc

306 2347 418 2400 Nea
448 2347 684 2402 Caimeni.
713 2347 893 2400 Ham).
921 2359 975 2401 et
1005 2347 1116 2400 En.

390 2431 485 2490 46.
512 2425 788 2499 Sequuntur
800 2426 1181 2493 laea‚As‹=am·a,
1198 2425 1341 2478 Ana-

297 2507 413 2577 phe.
428 2505 612 2562 Chiffl.
633 2505 1163 2577 Canaploe.Ascaniam
1178 2505 1341 2560 hodie

305 2606 418 2641 esse
436 2587 717 2643 Christiana
736 2585 937 2643 indicat
954 2586 1011 2641 in
1029 2604 1227 2659 mappa
1245 2605 1341 2641 sua

302 2668 497 2723 Lara..
516 2667 743 2740 Anaphe
765 2668 927 2723 etiam
949 2686 1095 2721 nunc
1111 2668 1337 2738 Anaphe,

304 2747 417 2801 sive
432 2747 611 2821 potius
624 2749 869 2819 Namplnio
878 2787 897 2814 ‚
910 2747 1089 2801 vocari
1100 2747 1177 2801 ait
1190 2748 1341 2801 Man·

302 2840 491 2883 nertus
506 2867 523 2895 ,
540 2828 633 2900 qui
649 2830 813 2881 Leam
839 2840 893 2881 et
913 2827 1196 2899 Hipparin
1214 2846 1339 2881 cum

304 2908 528 2963 Ascania
553 2909 695 2962 inter
716 2906 915 2961 insulas
940 2907 1227 2962 Christiana
1252 2906 1337 2961 di·

302 3001 414 3042 ctas
436 3000 692 3042 recenset.
732 2988 840 3039 En.

388 3076 482 3137 47.
512 3068 767 3140 Hippuri-t.
797 3058 1028 3137 Ῐππουρὶς
1046 3070 1190 3128 νῆσος
1207 3074 1337 3124 πλη-

303 3148 408 3202 σίον
426 3146 529 3219 Θήρ
536 3167 593 3211 ας
606 3188 625 3215 ,
644 3146 820 3219 inquit
837 3145 1154 3200 scholiastes
1167 3147 1338 3218 Apol-

302 3228 473 3293 lonii,
500 3228 571 3282 ad
601 3229 695 3282 lib.
722 3228 805 3280 lv
840 3228 1041 3297 Argon.
1068 3243 1122 3279 v.
1164 3244 1334 3297 ¹7¹²·

300 3308 357 3361 H
361 3325 489 3363 san.
507 3341 591 3352 —
604 3299 829 3361 Addunt
846 3305 969 3360 libri
989 3305 1186 3378 vulgati
1203 3305 1335 3377 Hip-

294 3391 546 3458 pun'ssusa
559 3408 580 3450 ;
605 3386 699 3441 sed
725 3386 993 3460 geminato
1019 3388 1301 3463 perperam
1318 3424 1337 3453 ,

301 3481 365 3522 ut
390 3486 489 3539 per
510 3486 567 3519 se
592 3466 791 3538 liquet,
812 3466 971 3519 unius
994 3464 1337 3537 ejusdemque

300 3546 553 3601 nomine:
574 3545 929 3618 quamobrem
954 3545 1219 3618 posterius
1243 3564 1335 3598 ex-

300 3625 609 3699 punximus.
630 3626 735 3678 En.

385 3708 477 3770 48.
502 3704 795 3778 Astypaloea
816 3705 980 3757 liberes
1002 3705 1229 3757 civitatis.
1246 3702 1334 3757 Sic

301 3784 805 3878 idem,cap.19‚
864 3785 1157 3855 Corcyram
1222 3802 1333 3838 esse

301 3826 487 3919 libeni
521 3864 751 3919 civitatis
777 3861 943 3928 dixit,
978 3862 1086 3917 hoe
1116 3876 1221 3930 est,
1254 3865 1332 3917 ci-

304 3944 464 3999 vibus
491 3958 737 3999 constare
760 3944 854 4016 qui
883 3943 991 3998 suis
1005 3943 1199 4001 libere
1218 3962 1331 3999 non

305 4025 491 4079 alicnis
524 4024 732 4099 legibus
758 4025 963 4078 vivunt.
996 4014 1331 4077 Ᾰστυπάλαια.

1510 1717 1606 1778 49.
1661 1708 1881 1762 Cir-cuitu
1910 1709 2293 1766 LXXXVIII.
2325 1713 2454 1785 [88.

1425 1807 1491 1842 ex
1514 1789 1669 1843 Mss.
1701 1789 1832 1862 Reg.
1865 1807 1890 1842 1
1907 1828 1924 1854 ‚
1951 1801 2006 1844 et
2043 1789 2280 1845 editione
2303 1793 2456 1864 prin-

1424 1869 1579 1940 cipe,
1606 1871 1810 1921 cimuitu
1833 1869 2162 1924 LXXXIX.
2191 1871 2360 1926 Bnor.

1507 1947 1598 2004 50.
1610 1948 2020 2004 cadcemnalec.
2034 1949 2456 2008 cadim.Chiffl.

1427 2026 1581 2081 Cisto.
1614 2027 1718 2080 En.

1509 2106 1603 2161 51.
1632 2106 1721 2158 Ab
1745 2127 1806 2159 ea
1839 2107 2048 2174 Platea,
2084 2121 2186 2164 etc.
2219 2109 2318 2165 Ha
2343 2113 2456 2166 fere

1425 2183 1680 2256 deinceps
1707 2187 1774 2240 ab
1799 2185 1915 2240 aliis
1939 2188 2292 2261 scriptoribus
2317 2209 2458 2264 pra·

1424 2265 1697 2320 ter-missa.
1750 2268 1978 2329 Χαλκίας
2030 2281 2238 2334 tamen,
2291 2270 2457 2326 hodie
2481 2317 2490 2329 .

1424 2345 1613 2412 Karh',
1630 2359 1850 2400 auctore
1864 2346 2198 2416 nusum,
2213 2351 2461 2406 meminit

1425 2426 1613 2480 Strabo
1626 2426 1791 2500 „loeo
1829 2426 2010 2481 citato.
2037 2431 2291 2500 Τραγαίως
2315 2430 2462 2486 inter

1420 2504 1682 2580 Cycladas
1692 2544 1709 2571 ,
1719 2525 1830 2578 quo
1847 2508 2070 2562 nomine
2087 2509 2249 2564 etiam
2261 2510 2458 2583 Spora-

1423 2583 1517 2641 das
1530 2585 1960 2658 comprehendit,
1977 2589 2299 2662 Stephanus:
2309 2591 2458 2663 apud

1422 2684 1587 2739 quem
1632 2678 1688 2721 et
1709 2674 2080 2739 Φιρμακοῦσσα
2099 2688 2260 2742 supra
2295 2672 2457 2727 Mile·

1423 2757 1542 2800 tum
1570 2746 1744 2801 insula
1771 2747 1996 2819 legitur,
2014 2748 2182 2804 hodie
2203 2751 2457 2820 Fer-muco,

1422 2826 1517 2879 uhi
1533 2846 1566 2880 a
1584 2825 1932 2898 predonibus
1956 2842 2172 2901 captum
2191 2832 2456 2887 Caesarem

1422 2904 1738 2961 dictatorem
1755 2919 1937 2962 narrat
1950 2909 2236 2965 Suetonius
2249 2948 2267 2977 ,
2286 2912 2346 2964 in
2363 2914 2400 2967 J
2401 2932 2459 2967 ιι·

1420 2985 1497 3041 lio
1510 3024 1529 3051 ‚
1570 3004 1694 3058 cap.
1715 3005 1792 3041 xv.
1841 2987 1998 3041 Illam
2025 3006 2156 3043 vero
2182 2990 2420 3061 priorem
2437 3030 2456 3059 ,

1422 3068 1641 3137 Τραγὶαν
1671 3078 1830 3120 vocat
1853 3066 2173 3123 Plutarchus
2205 3069 2266 3123 in
2301 3070 2454 3125 Peri·

1421 3146 1531 3212 cle,
1558 3164 1683 3217 pag.
1711 3148 1837 3201 166.
1862 3144 2042 3201 Hm.
2073 3160 2126 3202 et
2143 3149 2252 3202 En.

1507 3224 1537 3279 5
1548 3244 1601 3279 s.
1619 3224 1966 3280 camimva.
1981 3226 2124 3298 apud
2145 3228 2452 3304 Daleeamp.

1428 3304 1674 3359 Caminia.
1713 3306 1816 3359 En.

1506 3384 1870 3451 53.Calydaa·
1893 3418 1909 3432 ·
1934 3406 1994 3436 ‚a
2022 3404 2118 3459 qua
2137 3387 2451 3459 Carpathum.

1421 3464 1577 3519 MSS.
1593 3466 1737 3536 Reg.
1769 3484 1794 3519 1
1821 3504 1836 3527 ,
1863 3482 1926 3529 2,
1947 3464 2102 3520 Colb.
2133 3484 2186 3531 1,
2216 3470 2453 3531 afflatis.

1422 3556 1525 3599 etc.
1551 3542 1776 3599 totidem
1803 3544 1970 3598 ferme
1993 3544 2184 3605 litteris
2209 3566 2272 3603 ac
2291 3551 2453 3623 sylla·

1419 3624 1522 3678 bis.
1545 3624 1698 3679 Libri
1725 3623 1926 3695 vulgati
1947 3642 1976 3679 a
1999 3625 2298 3693 Frobenim
2321 3632 2454 3685 cca-

1419 3701 1589 3774 lydna
1600 3743 1619 3771 ‚
1630 3702 1686 3757 in
1699 3722 1806 3777 qua
1819 3704 2020 3777 oppida
2033 3706 2132 3761 tria
2147 3724 2163 3760 ε
2179 3708 2451 3781 Calymne

1420 3782 1575 3839 dure:
1598 3784 1893 3855 Olymos,
1915 3802 1948 3839 a
1970 3804 2074 3857 qua
2090 3798 2234 3852 ,.ete.
2259 3813 2284 3836 a·
2315 3790 2450 3844 Satis

1420 3862 1762 3919 confidenter
1811 3861 1870 3917 id
1929 3882 2076 3919 sane.
2134 3866 2274 3921 Nam
2328 3870 2448 3941 qui·

1420 3944 1722 4016 Olymnum
1787 3942 2012 3999 insulam
2065 3946 2223 3999 novit
2245 3946 2270 4001 ἲ
2336 3949 2451 4004 Cur

1421 4025 1610 4078 vocula
1660 4024 1802 4080 Coos
1833 4023 2149 4095 expuncta?
2195 4025 2309 4081 Gur
2345 4040 2450 4082 ter-

306 4104 589 4171 Straboni,
616 4106 710 4159 lib.
744 4106 965 4177 X‚psg.
998 4108 1125 4169 488.
1152 4100 1328 4157 Hodie
1414 4120 1483 4157 na
1522 4122 1624 4174 pro
1683 4102 1844 4157 unico
1893 4102 2156 4159 inculcata
2201 4106 2448 4179 oppida?

307 4184 597 4255 Seampslc'a.
614 4184 796 4240 Hsnn,

1416 4182 1529 4237 Nos
1545 4194 1763 4237 vetustoe
1779 4181 2060 4253 scripturn
2071 4184 2288 4257 vestigia
2303 4200 2448 4242 sum.
