3300 5175
848 544 948 627 44

1297 610 1304 619 ,
1377 540 1455 607 C.
1523 538 1853 608 PLINII
1922 538 2136 609 NAT.
2211 542 2458 609 HIST.

954 669 1522 765 Carthaginem¹⁰⁰
1585 673 1993 741 conveniunt
2058 670 2287 766 populi
2306 672 2375 695 ⁸⁰¹
2435 672 2649 755 LXV,
2702 672 2999 765 exceptis

771 800 807 849 9
850 777 1211 848 insularum
1251 774 1502 845 incoliS.
1539 780 1640 846 Ex
1680 777 1941 847 colonia
1973 781 2291 847 Accitana
2331 768 2783 848 Gemellenses
2806 774 2903 861 ¹⁰²,
2930 790 3001 845 et

845 868 1327 954 Libisosona¹⁰³
1375 886 1772 978 cognomine
1811 888 2357 980 Foroaugustana
2383 940 2403 968 ‚
2445 884 2685 980 quibus
2736 883 2999 952 duabus

837 992 947 1085 jus
979 990 1187 1061 Italiae
1223 990 1452 1059 datum
1493 1014 1508 1057 τ
1555 1016 1636 1059 ex
1680 989 1940 1061 colonia
1980 978 2435 1061 Salariense¹⁰⁴
2474 990 2791 1087 oppidani
2820 990 2997 1058 Latii

843 1100 1086 1167 veteris
1143 1095 1690 1178 Castulonenses»,
1727 1099 1841 1191 qui
1885 1100 2130 1169 Caesari
2181 1096 2467 1167 Venales
2519 1095 2941 1192 appellantur
2976 1122 2993 1162 ε

847 1204 1210 1275 Setabitani
1231 1189 1329 1288 ¹⁰⁵,
1357 1204 1472 1297 qui
1508 1206 1879 1301 Augustani
1914 1230 1927 1273 :
1958 1191 2485 1275 valerienses¹⁰⁶.
2523 1202 2995 1297 stipendiario-

846 1413 1076 1485 gisenses
1101 1404 1196 1482 (ut
1233 1425 1376 1465 recte
1411 1413 1587 1465 Parm.
1620 1404 1785 1480 edit.)
1804 1452 1821 1479 ‚
1847 1432 1879 1466 a

848 1494 1034 1563 Σίγισα
1078 1492 1135 1546 in
1179 1491 1404 1546 Bastinis
1443 1489 1650 1563 oppido
1678 1531 1695 1558 ‚
1734 1490 1879 1564 apud

851 1572 1072 1625 Ptolem.
1107 1572 1201 1625 lib.
1226 1574 1308 1637 ΙΙ,
1337 1590 1456 1643 cap.
1490 1573 1744 1631 fillium.

939 1670 1064 1705 100.
1098 1653 1460 1721 Carthaginem.
1502 1653 1878 1724 Carthaginem

851 1750 1062 1795 novam,
1077 1751 1194 1805 qua
1205 1731 1370 1785 hodie
1387 1732 1442 1784 in
1460 1732 1681 1785 Murciae
1693 1751 1880 1803 regno,

858 1811 1154 1882 Car-tageno.
1192 1837 1216 1860 ι
1237 1812 1555 1883 Carthagine
1582 1831 1723 1865 nova
1756 1830 1883 1865 con·

851 1904 1070 1943 ventum
1091 1892 1278 1963 agebat
1291 1892 1488 1956 Galba,
1514 1916 1536 1937 ι-
1564 1891 1738 1962 inquit
1749 1892 1879 1945 Sue·

853 1972 1032 2025 tonius
1059 1972 1115 2023 in
1145 1974 1258 2043 ejus
1283 1971 1388 2025 vita
1407 2010 1422 2036 ‚
1449 1989 1564 2043 cap.
1590 1989 1643 2041 9.
1668 1972 1852 2026 nmo.

941 2069 1072 2105 101.
1099 2052 1279 2122 Populi
1299 2052 1472 2104 LXV.
1498 2051 1585 2103 Sic
1610 2053 1667 2105 in
1696 2051 1881 2106 chiffl.

857 2130 1163 2202 Dalecamp.
1194 2144 1372 2184 autem
1402 2131 1691 2185 etElzevir.
1710 2132 1885 2203 populi

853 2212 1030 2264 LXII.
1061 2207 1164 2265 En.

941 2309 1071 2343 ιο).
1109 2291 1440 2346 Gemellenses.
1473 2291 1560 2345 Sic
1600 2290 1883 2345 Accitaniae

854 2370 1078 2424 coloniae
1095 2372 1236 2424 cives
1257 2371 1607 2425 vocabantur:
1623 2372 1737 2441 ipsa
1753 2411 1769 2436 ,
1784 2372 1881 2425 Co-

855 2451 988 2503 tonia
1010 2450 1149 2503 Julia
1181 2450 1401 2506 Gemella
1439 2450 1687 2505 Accitana
1702 2488 1717 2515 ‚
1747 2452 1880 2505 Cor..

855 2531 970 2583 lvx..
989 2530 1140 2587 Gut-
1168 2532 1470 2595 Acon-rene,
1499 2529 1645 2603 apud
1664 2529 1881 2583 Gruter.

854 2629 973 2682 pag.
1023 2629 1156 2680 ²7¹·
1186 2612 1342 2665 Accis
1367 2609 1528 2665 hodie
1557 2611 1797 2676 Gaudia,
1825 2611 1883 2664 in

854 2689 1172 2744 Granatensi
1199 2710 1381 2762 regno.
1409 2693 1490 2744 De
1511 2691 1764 2745 Gemellae
1793 2709 1883 2744 co-

853 2770 1106 2840 gnomine
1121 2772 1365 2842 superius
1378 2768 1629 2824 diximus.
1642 2771 1707 2822 111
1723 2789 1887 2822 num-

855 2849 958 2902 mis
975 2851 1232 2921 antiquis:
1253 2851 1318 2904 C.
1345 2852 1392 2904 Ι.
1412 2850 1481 2904 G.
1503 2852 1658 2904 Acer.
1675 2863 1729 2902 et
1750 2850 1882 2904 Cor..

857 2928 1011 2982 Gna.
1041 2931 1193 2984 Acci.
1216 2932 1396 2983 Hem).

943 3009 1067 3064 103.
1096 3010 1397 3062 Libisosona.
1431 3011 1501 3063 Et
1528 3010 1641 3064 haec
1674 3009 1884 3062 colonia

856 3088 957 3141 suit
971 3126 989 3153 ‚
1006 3089 1153 3160 apud
1176 3091 1334 3145 Grut.
1357 3110 1473 3162 pag.
1501 3096 1609 3144 260
1628 3130 1643 3157 ,
1672 3108 1736 3142 ex
1757 3090 1880 3143 Ant.

856 3169 1189 3240 Augustino,
1235 3172 1484 3224 Cononu
1531 3171 1883 3224 Lmsosneo-

855 3267 991 3301 nvn.
1021 3251 1222 3321 Estque
1248 3251 1409 3303 Plinii
1432 3251 1662 3315 calculo,
1684 3249 1777 3320 qui
1800 3268 1880 3302 xn

854 3329 1087 3381 colonias
1121 3331 1177 3381 in
1219 3330 1465 3384 citeriore
1496 3329 1753 3402 Hispania
1796 3347 1882 3382 re·

853 3407 1197 3462 censet.Vide
1221 3411 1419 3463 librum
1439 3409 1507 3463 de
1522 3409 1769 3463 Numinis
1790 3428 1883 3461 an-

853 3487 1036 3559 tiquis,
1069 3490 1234 3542 verbo
1260 3491 1447 3544 Came.
1478 3491 1770 3553 Antonine,
1792 3489 1881 3541 Li-

852 3567 1033 3621 bisosa
1061 3583 1138 3622 est
1176 3587 1190 3622 :
1221 3567 1466 3624 Διὲισόκα.
1511 3568 1798 3622 Ptolemaeo
1824 3569 1880 3620 in

855 3647 1101 3701 Oretanis
1117 3687 1133 3714 ,
1159 3649 1252 3702 lib.
1280 3652 1364 3716 11,
1390 3669 1505 3721 cap.
1531 3653 1585 3704 6.
1612 3645 1776 3700 Unde
1797 3648 1883 3700 Li-

856 3728 1042 3790 bae'soca,
1084 3727 1228 3801 quod
1267 3729 1321 3782 in
1363 3729 1578 3782 vetustis
1611 3726 1887 3782 codicibus

853 3809 1143 3878 reperitur,
1167 3808 1340 3880 legere
1361 3810 1478 3861 vult
1501 3807 1888 3877 Dalecampius,

855 3906 1016 3958 quem
1039 3901 1248 3941 secutus
1261 3902 1339 3942 est
1360 3889 1476 3940 Elz.
1502 3888 1667 3940 Aiunt
1687 3898 1889 3938 exstare

854 3967 1015 4037 hujus
1045 3966 1234 4040 oppidi
1276 3966 1471 4021 rudera
1497 3965 1568 4020 ad
1594 3966 1853 4018 Lebazaza
1872 4004 1888 4029 ,

854 4047 967 4100 eive
995 4049 1190 4100 Lezuza
1215 4047 1276 4099 in
1306 4050 1565 4100 Provincia
1590 4046 1649 4099 de
1676 4045 1888 4116 Caenea,

853 4125 1001 4180 haud
1019 4128 1201 4199 procul
1224 4128 1426 4199 abipso
1451 4124 1653 4198 oppido
1676 4125 1883 4196 Cucufa.

856 4205 1038 4260 Hau).
1069 4221 1120 4261 et
1147 4209 1248 4260 En.

2057 1421 2179 1478 104.
2221 1413 2511 1475 Salariense.
2566 1414 2725 1467 Nunc
2783 1411 2999 1464 Car-orla

1966 1492 2165 1547 dicitur
2193 1494 2251 1546 in
2288 1513 2453 1565 regno
2478 1491 2797 1547 Granatensi
2836 1510 2851 1543 :
2884 1508 2998 1543 avo

1967 1574 2211 1645 nequiore
2240 1572 2466 1639 Saliares,
2493 1585 2554 1626 ut
2577 1585 2763 1625 auctor
2786 1584 2865 1624 est
2889 1572 2923 1623 J
2926 1590 2998 1622 u-

1964 1654 2090 1706 lian.
2116 1654 2460 1725 Archipresb.
2485 1651 2766 1706 Adversar.
2790 1669 2998 1703 numm.

1973 1734 2103 1787 356.
2127 1733 2373 1787 Salatiam
2392 1745 2448 1785 et
2468 1732 2807 1787 Castulonem
2821 1729 3003 1783 diver-

1968 1832 2023 1866 sa
2041 1811 2150 1866 duo
2169 1814 2525 1867 Oretanorum
2552 1809 2782 1883 oppida,
2803 1828 2999 1882 perpe-

1968 1912 2114 1959 ram,
2142 1906 2203 1946 ut
2240 1911 2377 1965 saepe
2404 1892 2567 1956 solet,
2590 1891 2819 1943 Ptolem.
2852 1890 2999 1943 facit.

1968 1974 2139 2025 Vetus
2172 1973 2444 2043 inscriptio
2487 1972 2544 2025 in
2574 1972 2729 2023 Thes,
2764 1970 2963 2023 Goltzii
2982 2006 2999 2025 ,

1968 2072 2022 2125 p.
2043 2060 2112 2115 40
2132 2070 2147 2106 2
2164 2053 2295 2106 Co1..
2316 2054 2437 2105 Jvr..
2461 2052 2600 2104 Avo.
2626 2050 2997 2103 Sumturus.

1972 2133 2183 2187 Coesan‘s
2241 2131 2299 2185 V
2292 2132 2450 2185 males
2501 2129 2758 2184 dicuntur
2778 2168 2795 2195 ‚
2852 2126 3004 2199 quod

1966 2230 2122 2283 agros
2134 2232 2319 2265 eorum
2335 2214 2510 2265 Cesar
2523 2210 2670 2264 emit.
2685 2209 2771 2262 Sic
2786 2210 2881 2262 Tri
2888 2227 3005 2263 um·

1967 2291 2125 2363 pilini
2169 2292 2423 2356 inferius,
2465 2310 2582 2361 cap.
2640 2296 2711 2353 ²4
2727 2328 2744 2355 ,
2808 2290 3003 2341 menam

1970 2392 2075 2424 cum
2092 2377 2226 2442 agris
2250 2378 2349 2425 suls
2366 2372 2575 2442 populus
2598 2369 2911 2441 appellatur.
2936 2370 3001 2419 In

1970 2452 2160 2506 concil.
2189 2452 2365 2505 Tolet.
2396 2452 2449 2504 X
2470 2490 2485 2516 ,
2516 2451 2715 2503 Marcus
2749 2449 2999 2502 Castellu-

1971 2535 2129 2583 nense‘s
2174 2536 2443 2604 episcopus,
2482 2549 2583 2602 pro
2622 2530 2998 2583 Castulonensis.

1972 2613 2155 2666 Hem).

2060 2693 2189 2746 105.
2216 2691 2502 2745 Setahitani.
2550 2688 2788 2752 Σαιταῧὶς
2818 2690 2996 2742 Ptole·

1972 2791 2106 2826 maeo
2118 2811 2134 2838 ,
2152 2773 2210 2824 in
2234 2772 2567 2825 Contestania
2580 2809 2597 2835 ,
2613 2769 2682 2823 de
2697 2789 2804 2842 qua
2816 2788 2995 2840 supra.

1971 2851 2220 2905 Straboni
2246 2849 2456 2912 Σιταέὶς
2475 2891 2490 2916 ,
2522 2851 2615 2904 lib.
2641 2851 2754 2915 ΙΙΙ,
2778 2869 2833 2922 p.
2875 2853 2997 2902 160.

1894 2939 1904 2950 ⁹
1972 2933 2129 2986 Nunc
2142 2932 2357 2996 Χατίνα,
2375 2950 2557 2984 recens
2574 2930 2717 2984 dicta
2736 2929 2791 2982 S.
2813 2929 3002 3001 Felipe,

1970 3012 2026 3065 in
2056 3013 2225 3082 Reyno
2258 3012 2318 3064 de
2364 3011 2639 3075 Volcacio,
2677 3007 2746 3061 ad
2792 3027 3003 3062 amnem

1970 3092 2156 3146 Xativa
2174 3131 2189 3158 ‚
2216 3092 2309 3162 qui
2331 3090 2387 3142 in
2418 3090 2621 3143 flumen
2646 3089 2829 3141 Xucar
2866 3087 3002 3142 fluit.

1968 3171 2111 3225 Hinc
2130 3170 2342 3224 sudaria
2355 3169 2543 3223 Setaba
2561 3167 2631 3222 de
2647 3170 2847 3240 quibus
2872 3167 3005 3221 dixi-

1969 3270 2089 3304 mus
2114 3251 2170 3303 in
2189 3251 2396 3304 Praefat.
2430 3249 2496 3302 ad
2524 3251 2709 3303 Titum
2726 3289 2743 3314 ,
2773 3268 2831 3318 p.
2865 3267 2914 3301 a.
2940 3251 3003 3300 ln

1970 3332 2135 3385 Cone.
2166 3331 2337 3384 Tolet.
2361 3330 2447 3392 X,
2470 3330 2775 3383 Athanasius
2812 3327 3005 3380 Setabi-

1972 3423 2133 3465 tanus.
2159 3411 2226 3463 H.
2258 3422 2311 3463 et
2337 3411 2445 3462 Eo.

2059 3497 2179 3543 106.
2232 3489 2553 3541 Valerienses.
2581 3490 2801 3541 Vasaeus
2836 3487 3005 3558 ipsam

1972 3569 2247 3623 Concham
2262 3605 2279 3632 ‚
2304 3569 2496 3640 Caenea
2512 3607 2529 3634 ‚
2552 3568 2833 3622 Coloniam
2877 3567 3004 3620 olim

1970 3650 2003 3702 J
2008 3649 2170 3701 uliam
2211 3649 2477 3702 Valeriam
2498 3647 2819 3720 appellatam
2857 3663 3003 3698 esse:

1974 3728 2289 3781 Ambrosius
2314 3729 2569 3793 Morales,
2596 3747 2707 3780 non
2728 3727 3004 3782 Concham

1976 3809 2149 3879 ipsam
2170 3847 2187 3874 ‚
2228 3806 2321 3860 sed
2365 3827 2561 3878 pagum
2607 3807 2775 3860 leucis
2816 3819 2938 3858 octo
2974 3825 3005 3858 a

1983 3889 2175 3959 Cuenfa
2198 3885 2439 3940 dissitum
2456 3927 2471 3953 ,
2500 3885 2783 3940 meridiem
2824 3905 3007 3938 versus

1977 3981 2159 4038 putat,
2189 3968 2275 4020 cui
2302 3986 2499 4020 nomen
2526 3965 2691 4020 hodie
2734 3966 2920 4016 Valet-a
2952 3966 3003 4016 la

1976 4049 2117 4116 veja,
2140 4048 2410 4119 antiquam
2425 4046 2697 4100 Valeriam
2732 4063 2843 4098 esse
2874 4063 3001 4098 con·

1976 4125 2161 4179 tendit.
2188 4129 2251 4178 In
2292 4127 2457 4179 Cone.
2483 4126 2657 4183 Tolet.
2682 4127 2731 4177 X
2750 4165 2765 4188 ,
2795 4123 3005 4194 Stepha-

1978 4226 2064 4260 nus
2101 4209 2131 4258 Ι
2142 4207 2391 4259 aleriensis·
2424 4209 2684 4277 episcopus.
2714 4205 2899 4258 Ham).
