3300 5175
924 518 1070 591 352

1477 522 1557 590 C.
1615 520 1957 591 PLINII
2012 524 2233 593 NAT.
2290 526 2545 593 HIST.

909 644 1022 721 'bri
1045 650 1092 689 ¹⁹
1133 651 1596 721 mediterranei
1633 678 1648 720 :
1694 656 2087 725 Hermiones
2107 654 2155 679 ²⁰

2192 678 2207 721 ε
2250 680 2531 750 quorum
2570 658 2879 738 Suevi²‘,
2902 662 3030 731 Her·

853 772 884 827 3
922 758 1264 845 munduri‚
1309 759 1632 848 Chatti²²‚
1683 761 2024 831 Cherusci.
2064 762 2311 851 Quinta
2342 786 2491 857 pars
2532 754 2909 851 Peucini²³‚
2942 771 3031 837 Ba-

923 980 1032 1033 lum
1053 994 1276 1047 usquam
1298 976 1578 1047 vestigium
1597 976 1711 1030 est?
1732 978 1949 1043 Quanto

923 1054 1261 1112 commodius
1302 1054 1502 1109 cadunt
1541 1058 1724 1111 omnia
1768 1077 1950 1111 emen-

897 1138 1139 1192 ·datione
1197 1148 1378 1188 nostra
1399 1174 1415 1201 ,
1473 1155 1642 1207 quum
1710 1138 1951 1208 apposite

923 1218 1239 1271 Hermiones
1269 1214 1671 1280 mediterranei,
1702 1218 1807 1271 hoc
1840 1230 1946 1280 est,

924 1299 980 1351 in
1021 1295 1198 1350 media
1233 1296 1520 1349 Germania
1547 1298 1739 1368 positi,
1778 1311 1833 1351 et
1860 1300 1951 1350 In-

925 1378 1232 1449 gaevonibus
1265 1377 1356 1447 qui
1381 1394 1614 1441 oceane,
1640 1390 1695 1430 et
1730 1379 1951 1430 Istaevo-

926 1458 1088 1510 nibus
1141 1455 1234 1529 qui
1284 1456 1472 1508 Rheno
1519 1468 1642 1510 sunt.
1684 1457 1951 1528 proximi,

925 1536 1312 1609 opponentur?
1364 1535 1450 1589 Sic
1501 1537 1644 1589 enim
1692 1536 1946 1601 Tacitus,

925 1619 1022 1671 lib.
1044 1616 1112 1669 de
1136 1617 1378 1668 Moribus
1397 1616 1647 1669 German.
1669 1636 1786 1689 pag.
1812 1634 1833 1670 1
1850 1618 1949 1671 23:

933 1725 957 1747 ι
978 1696 1216 1750 Proximi
1241 1714 1442 1748 oceano
1473 1696 1813 1767 Ingaevones:
1842 1716 1953 1750 me-

929 1776 1006 1830 dii
1050 1776 1405 1829 Hermiones:
1450 1777 1625 1829 caeteri
1671 1780 1954 1830 Istaevones

927 1870 1202 1910 vocantur.
1244 1882 1266 1903 a
1329 1856 1416 1908 Sic
1467 1856 1632 1927 igitur
1678 1857 1953 1910 manifeste

928 1938 1020 1991 hic
1063 1938 1212 1990 locus
1241 1934 1697 2007 interpungendus
1729 1950 1825 1990 est.
1878 1938 1955 1989 At

927 2037 1039 2071 non
1083 2029 1364 2089 propterea
1400 2016 1667 2069 inserendi
1694 2017 1804 2069 huc
1832 2028 1954 2070 sunt

931 2098 1222 2160 Sicambri,
1245 2096 1426 2149 invitis
1449 2114 1512 2148 ac
1537 2097 1953 2167 repugnantibus

928 2177 1079 2229 libris
1119 2176 1403 2240 omnibus,
1446 2188 1560 2228 tum
1601 2174 1795 2241 editis,
1836 2188 1953 2228 tum

928 2276 1092 2311 manu
1115 2256 1362 2320 exaratis;
1388 2273 1553 2325 quum
1579 2257 1837 2309 sententia
1856 2256 1951 2307 hu-

929 2339 1015 2408 jus
1041 2338 1141 2391 loci
1178 2337 1278 2399 sit,
1315 2348 1421 2387 tam
1463 2335 1604 2388 inter
1640 2336 1948 2396 Istaevones,

929 2436 1090 2489 quam
1137 2418 1272 2468 inter
1311 2416 1652 2485 Ingaevones,
1691 2415 1953 2468 habitasse

931 2498 1213 2557 Cimbros,
1267 2496 1361 2565 qui
1419 2506 1615 2548 tractus
1678 2495 1953 2565 utriusque

929 2590 1136 2646 partem
1172 2574 1505 2645 occuparint.
1539 2572 1685 2628 Nihil
1723 2574 1951 2648 planius.

930 2657 1110 2710 Hm.
1141 2685 1221 2698 --
1241 2655 1424 2708 Herm.
1451 2657 1704 2707 Istaevones
1723 2695 1738 2719 ,
1758 2671 1955 2725 quorum

925 2757 1044 2807 pars
1089 2737 1299 2798 Cimbri,
1339 2746 1388 2786 et
1429 2735 1807 2798 Mediterranei,
1849 2745 1953 2787 etc.

929 2817 1034 2870 En.
1059 2845 1142 2856 —
1159 2817 1203 2866 A
1227 2814 1397 2866 Rheni
1415 2814 1562 2867 ostiis
1580 2811 1650 2865 ad
1676 2813 1957 2867 Coloniam

931 2897 1200 2948 Ubiorum
1227 2893 1396 2946 amnis
1431 2895 1547 2964 ejus
1575 2894 1768 2946 accolae
1786 2933 1800 2957 ,
1832 2911 1955 2945 cum

931 2976 1115 3028 Frisiis
1166 2971 1617 3042 occidentalibus,
1668 2975 1957 3026 Istaevones

934 3055 1202 3128 appellati.
1229 3053 1410 3106 Hnm.

1023 3155 1108 3206 ¹9·
1159 3133 1361 3188 Cimbri.
1415 3133 1624 3185 Horum
1674 3132 1825 3203 regio
1874 3131 1955 3184 ibi

933 3217 1060 3280 fuit,
1079 3216 1174 3268 ubi
1198 3232 1343 3267 nunc
1365 3213 1660 3272 Comitatus
1682 3212 1957 3276 Marchiae,

935 3296 1209 3366 Bergensis
1258 3296 1490 3346 Ducatus
1509 3331 1522 3356 ,
1573 3307 1624 3346 et
1680 3291 1957 3344 Clivieusis

934 3394 1056 3446 pars
1101 3373 1495 3427 transrhenana.
1546 3372 1683 3436 Quae
1738 3369 1957 3442 quidem

824 3505 830 3510 .
932 3456 1178 3526 regiones
1191 3455 1246 3505 in
1265 3451 1961 3523 Prussicaprovincia,nuno

933 3535 1102 3604 grand
1116 3527 1272 3585 duchae‘
1287 3533 1352 3584 du
1375 3533 1637 3584 Bas-[thiu
1658 3531 1801 3585 dicta
1826 3549 1956 3584 con-

937 3615 1193 3668 tinentur.
1221 3613 1402 3665 Ham).
1429 3625 1482 3664 et
1508 3613 1611 3667 Eu.

1019 3713 1106 3747 πο.
1131 3694 1428 3745 Hermiones.
1453 3693 1515 3744 In
1538 3690 1716 3744 media
1740 3691 1961 3744 Germa·

935 3776 1025 3829 nia
1051 3774 1245 3847 positi,
1279 3773 1415 3824 ultra
1445 3771 1615 3823 Rheni
1652 3771 1958 3840 Oceanique

935 3857 1094 3927 ripas.
1125 3855 1189 3906 In
1227 3851 1525 3906 Germaniae
1549 3851 1764 3920 populis
1792 3849 1959 3902 medii

937 3955 967 3988 a
1002 3935 1186 3988 Tacito
1225 3931 1503 4005 appellati,
1533 3931 1628 3983 lib.
1658 3928 1727 3984 de
1754 3929 1954 3983 Morib.

937 4016 1120 4069 Germ.
1149 4033 1264 4086 cap.
1294 4031 1346 4066 a.
1373 4011 1560 4063 Hsnn.

1023 4113 1112 4146 αι.
1159 4095 1375 4164 Quorum
1403 4090 1958 4144 Saevi.He1m10num

931 4185 1117 4242 gentes
1143 4192 1202 4226 ex
1225 4171 1414 4226 ordine
1433 4189 1693 4243 perquam
1716 4183 1959 4226 accurate

2035 977 2317 1043 describit,
2341 979 2405 1031 ab
2438 978 2503 1031 iis
2534 997 2801 1045 exorsus,
2832 984 3029 1054 quisunt

2036 1060 2181 1113 ortui
2222 1058 2342 1111 solis
2376 1059 2667 1130 propiores
2686 1099 2703 1123 ,
2752 1080 2875 1113 mox
2908 1083 3030 1117 cursu

2037 1136 2162 1190 inde
2182 1158 2359 1191 versus
2389 1157 2639 1191 occasum
2668 1140 2925 1194 instituto.
2946 1145 3027 1197 Ho-

2038 1237 2158 1270 rum
2202 1219 2363 1289 igitur
2410 1210 2573 1271 Sueri
2628 1218 2669 1270 ii
2724 1234 2847 1273 sunt
2869 1262 2885 1285 ,
2926 1242 3026 1292 quos

2036 1297 2197 1351 hodie
2218 1300 2463 1351 Moravos
2485 1299 2832 1368 appellamus
2846 1340 2861 1363 ,
2886 1302 2931 1351 Ia
2948 1303 3029 1353 Mo·

2037 1380 2195 1445 ναοῖο,
2226 1390 2287 1429 ut
2318 1380 2425 1447 jam
2464 1379 2723 1448 superius
2768 1381 3021 1433 monuimus

2037 1476 2154 1527 cap.
2194 1457 2284 1511 25.
2326 1458 2511 1529 Neque
2550 1458 2715 1509 enim
2762 1458 2943 1511 Suevos
2972 1462 3019 1511 ab

2038 1538 2149 1590 istis
2174 1537 2302 1589 alios
2323 1538 2523 1589 Plinius
2544 1538 2805 1607 agnovit,
2832 1552 2913 1590 aut
2933 1538 3021 1592 Pto·

2038 1618 2249 1671 lemaeus
2267 1630 2291 1681 ,·
2309 1617 2401 1688 qui
2424 1616 2517 1669 lib.
2540 1617 2601 1668 11
2616 1654 2635 1681 ,
2664 1633 2786 1687 cap.
2816 1636 2837 1670 1
2854 1636 2897 1681 r,
2916 1620 3019 1671 ultra

2037 1698 2219 1751 Albim
2260 1696 2456 1749 Suevos
2494 1709 2843 1757 summovet,
2880 1716 3019 1749 versus

2040 1789 2235 1831 ortum.
2282 1777 2464 1829 Postea
2508 1773 2579 1827 ad
2632 1776 2865 1828 Danubii
2897 1790 3016 1846 caput

2040 1856 2470 1927 commigrarunt.
2495 1854 2862 1907 Hermunduri
2884 1857 3015 1917 fuer-e,

2039 1938 2131 2008 qui
2177 1954 2319 1989 nunc
2352 1936 2571 1988 Bohemi
2600 1976 2615 1997 ,
2664 1936 2937 2007 populique
2964 1938 3011 1987 ab

2038 2018 2121 2069 his
2148 2016 2249 2069 fusi
2286 2034 2456 2087 usque
2485 2014 2554 2069 ad
2601 2015 2835 2067 Danubii
2868 2016 3011 2085 ripam.

2045 2098 2143 2149 -In
2169 2093 2558 2149 Hermunduris
2575 2134 2592 2161 ‚
2622 2096 2803 2164 inquit
2824 2096 3007 2151 Tacitus.

2038 2177 2143 2231 loc.
2170 2176 2259 2230 cit.
2288 2194 2402 2245 cap.
2437 2182 2503 2239 41
2532 2216 2547 2239 ,
2582 2175 2739 2226 Albis
2763 2176 2915 2226 oritur
2935 2175 3009 2225 sss-

2039 2276 2162 2311 men
2183 2256 2465 2326 inclytum:
2485 2257 2638 2326 juxta
2658 2253 3011 2306 Hermunduros

2040 2336 2403 2389 Marcomanni
2426 2348 2476 2387 et
2502 2332 2692 2399 Quadi
2714 2345 2914 2403 agunt...
2936 2335 3005 2385 Ea·

2040 2432 2145 2489 que
2190 2415 2485 2469 Germania
2532 2413 2709 2467 veluti
2754 2414 2887 2465 frons
2926 2426 3003 2471 est,

2042 2502 2297 2566 quatenus
2356 2494 2609 2547 Danubio
2670 2494 2958 2564 praetexitur.
2982 2518 2997 2538 ο

2042 2575 2220 2628 Sentio
2257 2574 2483 2626 convelli
2517 2593 2550 2627 a
2590 2592 2683 2625 me
2710 2574 2999 2626 recentiorum

2042 2654 2485 2725 Geographorum
2536 2653 2735 2723 placita
2773 2673 2786 2704 :
2827 2652 2906 2704 sed
2940 2653 3001 2703 bos

2042 2735 2174 2788 nihil
2204 2734 2259 2785 in
2286 2733 2526 2804 praesenti
2552 2751 2760 2785 moror.
2784 2731 2938 2784 Hsan.

2128 2833 2218 2866 aa.
2248 2811 2443 2876 Chatti,
2468 2825 2569 2865 etc.
2608 2812 2811 2865 Chattis
2835 2811 3000 2862 Franco-

2042 2893 2187 2946 niam
2208 2931 2222 2953 ,
2269 2893 2717 2946 Brunswicensem
2763 2893 2995 2950 Due-atum,

2044 2973 2605 3042 circumjacentemque
2643 2972 2747 3024 late
2788 2970 2996 3040 regionem

2045 3073 2072 3105 a
2107 3052 2399 3104 Franconia
2440 3051 2508 3104 ad
2538 3053 2867 3105 Chaucorum
2906 3047 2995 3100 fine

2044 3132 2326 3185 Cheruscis
2374 3129 2719 3184 adscribimus
2751 3148 2765 3182 z
2806 3129 2856 3180 hi
2894 3126 2993 3178 euin

2044 3213 2182 3266 inter
2223 3213 2440 3265 Chattos
2482 3211 2825 3280 Chaucosque
2858 3203 2997 3266 medii,

2044 3293 2232 3345 Tacito
2254 3303 2417 3355 teste,
2438 3291 2530 3342 lib.
2561 3289 2631 3343 de
2656 3289 2842 3343 Morib.
2860 3285 2993 3339 Germ-

2046 3391 2163 3444 cap.
2196 3373 2286 3426 36.
2322 3373 2503 3424 ΗΑιιυ.

2129 3453 2219 3506 23.
2252 3453 2483 3514 Peucini,
2516 3451 2787 3502 Baseemoe.
2806 3441 2991 3502 Peucini,

2048 3551 2184 3624 quos
2208 3530 2423 3602 quidam
2445 3532 2719 3583 Bastarnas
2740 3538 2930 3586 vocent,
2946 3523 2993 3572 in·

2048 3613 2164 3684 quit
2204 3612 2452 3676 Tacitus,
2500 3611 2604 3663 loc.
2653 3610 2740 3662 cit.
2786 3625 2890 3676 cap.
2930 3603 2990 3664 4⁶·

2050 3693 2239 3745 Strabo
2266 3705 2438 3744 tamen
2474 3691 2826 3743 Bastarnarum
2844 3695 2993 3754 panem

2048 3791 2155 3825 esse
2177 3771 2437 3824 Peucinos
2452 3784 2631 3841 putat,
2658 3769 2749 3820 lib.
2771 3765 2888 3826 Vll,
2909 3775 2991 3830 pig·

2050 3850 2176 3904 306.
2212 3853 2290 3904 De
2316 3852 2509 3904 borum
2540 3852 2642 3902 situ
2670 3847 2877 3900 diximus
2906 3855 2987 3906 mp-

2052 3949 2079 3983 2
2093 3931 2143 3984 5.
2172 3931 2353 3985 Gallos
2373 3931 2554 3982 Livius
2575 3945 2775 3998 semper
2793 3919 2989 3994 appellit.

2046 4011 2137 4064 lib.
2172 4011 2370 4065 XLIV.
2398 4011 2638 4061 Attamen
2668 4002 2891 4061 Germani
2912 4011 2989 4049 ase

2046 4089 2336 4145 ducuntur.
2382 4089 2601 4146 Gruteri
2646 4085 2858 4154 inscript.
2900 4091 2984 4148 μῦς·

2048 4171 2157 4235 453
2178 4213 2193 4237 ,
2226 4173 2560 4226 Bas-mnan.
2586 4169 2756 4221 Hsnn.
