3300 5175
999 576 1143 670 372
1529 572 1610 639 c.
1666 537 2011 638 PLlNil
2066 525 2279 635 Nm
2337 567 2594 635 nis‘r.

993 696 1232 776 sates²⁴
1269 758 1288 790 ‚
1375 688 1799 783 ‘Sottiates²⁵,
1897 698 2295 793 Osquidates
2326 692 2375 729 '⁶
2441 712 2845 791 campestres
2868 751 2886 783 ‚
2948 702 3059 771 Sue·

991 838 1206 891 casses
1229 812 1276 853 '⁷
1295 864 1316 897 ,
1383 811 1734 877 Tarusates
1752 796 1799 835 '⁸
1822 858 1841 893 ‚
1906 806 2338 876 Basabocates
2380 806 2452 890 ²⁹,
2542 789 2881 888 Vassei³·,
2945 808 3063 876 sen.

994 1025 1136 1065 ctum
1155 1050 1168 1073 ‚
1215 1006 1380 1060 hodie
1427 1018 1505 1059 est
1543 1006 1689 1058 Aucta
1730 1002 2020 1075 provincia

993 1092 1314 1161 ‹lepor-temerat
1339 1088 1406 1139 du
1436 1084 1562 1140 Get-s
1587 1097 1789 1138 vocato
1826 1096 2021 1137 metro-

996 1170 1154 1243 polis.
1181 1170 1284 1221 En.

1084 1256 1174 1312 24.
1207 1248 1454 1301 Elusates.
1483 1244 1726 1308 Quorum
1759 1240 2021 1313 oppidum

999 1332 1157 1383 Elusa
1173 1367 1189 1393 ‚
1211 1329 1372 1392 Ense,
1392 1324 1476 1377 vel
1499 1325 1663 1375 Eause
1681 1318 2021 1391 (de'partement

997 1409 1063 1462 du
1101 1404 1271 1471 Ger-s).
1306 1403 1591 1475 Inscriptio
1623 1400 1769 1472 apud
1804 1401 2019 1455 Gruter.

997 1506 1116 1559 pag.
1145 1490 1256 1559 708
1290 1502 1303 1537 ε
1349 1484 1494 1537 Ctvi.
1535 1483 1819 1535 Euenum.
1862 1478 2023 1551 Apud

1000 1568 1262 1622 Coesarem
1279 1605 1294 1629 ,
1323 1563 1455 1617 Bell.
1475 1562 1616 1617 Gall.
1639 1562 1735 1615 lib.
1762 1562 1876 1623 111,
1902 1576 2021 1633 pag.

1004 1647 1103 1712 38,
1129 1647 1400 1708 Flamma,
1435 1660 1535 1712 pro
1569 1640 1824 1701 Elusates,
1852 1652 1914 1693 ut
1937 1638 2026 1691 alii

1001 1741 1121 1780 ante
1143 1744 1242 1778 nos
1265 1723 1534 1777 viderunt.
1555 1722 1624 1773 In
1647 1719 1876 1773 concilio
1901 1722 2031 1771 Are-

1003 1808 1094 1859 lat.
1110 1807 1168 1857 1:
1203 1832 1224 1852 ι
1247 1802 1596 1856 Mamertinus
1616 1801 1935 1870 Episcopus,
1959 1797 2027 1851 de

1003 1886 1214 1939 civitate
1232 1881 1544 1937 Elosatium.
1567 1906 1590 1927 ·
1623 1882 1689 1932 In
1715 1878 2025 1949 Agathensi:

1007 1988 1027 2009 ·
1048 1964 1234 2018 Clarus
1261 1963 1557 2032 Episcopus
1581 1957 1650 2011 de
1674 1960 1885 2013 civitate
1904 1958 2030 2011 Elu-

1006 2064 1077 2097 sa.
1107 2069 1130 2091 ι
1165 2044 1348 2095 Heni).
1379 2054 1432 2095 et
1463 2042 1566 2093 En.

1092 2122 1184 2177 25.
1231 2122 1481 2175 somam.
1530 2120 1610 2171 ιιι
1658 2118 1783 2169 iibri
1826 2104 2059 2169 omme·

1010 2201 1229 2265 Cauri,
1251 2201 1348 2253 lib.
1369 2200 1481 2263 111,
1510 2217 1629 2270 pag.
1652 2197 1747 2268 37,
1767 2196 2029 2251 Sontiates.

1009 2282 1170 2335 Nunc
1200 2292 1279 2333 est
1314 2278 1412 2333 Sos
1449 2279 1506 2331 in
1536 2276 2033 2348 Novempopulania

1009 2358 1366 2432 (depae-tenuent
1410 2358 1471 2410 de
1515 2358 1732 2417 Lotget-
1749 2351 2031 2418 δαν-σωκ).

1012 2442 1290 2495 Oihenart.
1332 2439 1390 2491 in
1425 2437 1598 2490 Notit.
1632 2438 1862 2490 Vascon.
1913 2452 2031 2505 pag.

1018 2527 1146 2586 446.
1175 2520 1355 2572 Hui-n.
1385 2528 1438 2570 et
1461 2516 1566 2569 En.

1101 2619 1126 2652 2
1139 2604 1194 2653 6.
1215 2597 1807 2670 Osquidatescampestres.
1828 2595 2035 2659 -Quant

1017 2697 1119 2732 aux
1171 2677 1462 2748 Osquae'dates
1503 2685 1784 2744 campe-sens
1804 2713 1820 2737 ‚
1860 2673 2036 2744 inquit

1019 2757 1349 2821 n'Auvxuut,
1375 2755 1546 2808 Notiee
1563 2753 1685 2806 dela
1708 2753 1894 2817 Gaulo,
1914 2771 2033 2824 pag.

1022 2836 1165 2900 διο,
1206 2833 1339 2887 dont
1375 2834 1414 2886 il
1459 2846 1538 2886 est
1579 2833 1675 2886 fait
1724 2833 1960 2884 mention
2006 2836 2037 2886 a

1018 2917 1200 2970 l’ecart
1233 2911 1325 2967 des
1365 2926 1574 2978 autres3
1607 2912 1650 2964 si
1692 2929 1763 2962 on
1795 2913 1925 2982 juge
1968 2908 2036 2964 de

1019 2997 1137 3050 leur
1155 2994 1384 3065 position
1413 3012 1510 3064 par
1537 2991 1669 3045 celle
1696 2989 1790 3043 des
1814 2990 2037 3062 peuples

1020 3093 1090 3129 au
1133 3072 1314 3128 milieu
1361 3071 1606 3142 desquels
1642 3070 1765 3122 leur
1804 3089 1935 3122 nom
1982 3087 2038 3122 se

1021 3166 1331 3208 rencontre·
1355 3185 1370 3199 -
1395 3185 1409 3198 -
1469 3152 1586 3204 leur
1630 3149 1880 3203 demeure
1924 3149 2039 3202 doit

1019 3235 1171 3288 avoir
1193 3235 1277 3286 ete
1303 3248 1395 3285 sur
1414 3233 1462 3284 la
1482 3230 1736 3284 frontiere
1756 3247 2038 3282 commune

1024 3311 1118 3366 des
1157 3311 1391 3366 dioceses
1415 3309 1663 3374 d’Auch‚
1690 3307 1758 3361 de
1794 3311 1947 3364 Basas
1984 3321 2040 3362 et

1022 3389 1219 3446 d’Aire.
1243 3391 1317 3444 La
1339 3389 1644 3444 distinction
1669 3387 1736 3441 de
1762 3400 2039 3459 campestres

1022 3469 1155 3524 dans
1180 3489 1242 3523 ce
1263 3481 1452 3523 canton
1475 3489 1540 3522 en
1562 3487 1693 3541 pays
1720 3467 1937 3521 tres-uni
1962 3480 2041 3521 est

1021 3551 1160 3606 aussi
1203 3549 1524 3604 convenable
1569 3552 1598 3600 ii
1643 3567 1777 3601 ceux
1796 3549 1885 3601 ·ci
1932 3567 2040 3618 que

1021 3631 1155 3686 celle
1176 3627 1244 3682 de
1262 3634 1478 3686 moratam·
1499 3648 1553 3682 se
1578 3641 1828 3700 rapporte
1849 3631 1877 3680 ὁ
1898 3618 2042 3696 l’eni·

1021 3711 1318 3782 placement
1333 3707 1427 3762 des
1442 3721 1632 3761 autres.
1656 3735 1677 3754 ι
1704 3706 1842 3760 Mihi
1860 3719 2039 3760 autem

1019 3791 1095 3846 sic
1125 3802 1439 3860 campestres
1471 3787 1789 3858 Osquidates
1822 3805 1850 3837 a
1880 3803 2037 3838 mon-

1018 3870 1155 3924 tanis
1179 3867 1492 3922 remotiores
1520 3867 1798 3930 videntur,
1826 3883 2038 3918 eorum-

1017 3969 1122 4022 que
1173 3947 1350 4002 sedern
1393 3964 1677 4018 agnoscere
1726 3945 1936 3998 mallem
1981 3944 2037 4001 in

1013 4029 1137 4086 vieo
1163 4027 1252 4084 cui
1277 4045 1474 4083 nomen
1499 4038 1579 4081 est
1607 4027 1799 4088 ossan,
1827 4024 2035 4078 duabus

1013 4109 1177 4164 leucis
1210 4110 1278 4162 ab
1307 4109 1442 4162 urbe
1472 4107 1648 4161 Tarba
1667 4145 1684 4173 ,
1722 4107 1903 4160 Tae-bes
1934 4099 2035 4166 (dd-

1007 4199 1278 4260 pertentent
1297 4188 1379 4240 des
1417 4175 1889 4253 [lautu-wffls)
1906 4223 1922 4249 ,
1950 4185 2029 4239 in-

2106 1016 2189 1057 ter
2236 1004 2375 1056 hanc
2422 1004 2609 1056 urbem
2656 1016 2715 1056 et
2756 1022 2909 1075 supra
2942 1003 3063 1059 dictos

2108 1083 2456 1137 Onobusates.
2492 1114 2567 1127 —-
2606 1084 2861 1137 Oscidates
2888 1084 3063 1138 colbert

2108 1176 2162 1216 et
2188 1163 2339 1217 MSS.
2370 1164 2499 1235 Reg.
2531 1177 2590 1215 ut
2624 1164 2790 1234 paulo
2812 1184 2966 1236 supra.
2992 1166 3059 1218 En.

2194 1260 2287 1311 ²7·
2328 1242 2578 1295 Suecasses
2598 1282 2613 1307 ‚
2660 1256 2763 1297 etc.
2807 1243 3065 1298 Succassiuu

2112 1322 2519 1393 appellationem
2549 1336 2725 1375 servat
2750 1342 2901 1395 pagus
2926 1325 3061 1386 Caras,

2110 1401 2253 1454 inter
2266 1400 2593 1455 Garumnam
2606 1403 2915 1475 Leriamque
2925 1422 3063 1467 amnes,

2110 1481 2274 1534 leucis
2296 1482 2363 1533 ab
2390 1482 2525 1534 urbe
2551 1481 2911 1553 Burdigalensi
2931 1484 3061 1535 tribus

2112 1564 2319 1615 Auctor
2336 1560 2606 1628 Valesius,
2632 1580 2760 1633 pag.
2792 1563 2909 1626 524.
2930 1563 3060 1615 Hun.

2198 1642 2290 1693 28.
2312 1642 2569 1695 Tarusates
2584 1682 2601 1705 ‚
2622 1644 2944 1695 Baseboeetes.
2958 1642 3063 1694 Prius

2116 1720 2368 1773 Latusates
2408 1736 2666 1792 corrupte
2704 1723 2962 1793 legebatur.
2992 1724 3060 1773 Τι-

2116 1800 2373 1853 rusatium
2436 1801 2687 1855 meminit
2744 1804 2903 1856 Casei·
2920 1843 2933 1866 ‚
2974 1803 3061 1853 Bell.

2118 1880 2256 1933 Gall.
2303 1880 2395 1932 lib.
2436 1880 2552 1946 111,
2592 1900 2711 1953 cap.
2758 1884 2861 1937 23:
2902 1908 2921 1929 ι
2942 1884 3061 1934 Armis

2120 1957 2500 2031 obsidibusque
2542 1962 2770 2033 acceptis
2784 2000 2799 2026 ,
2834 1963 3007 2015 Crassus
3024 1964 3059 2013 in
3129 2004 3130 2015 ,

2116 2039 2250 2093 fines
2274 2039 2619 2094 vax-nmium
2647 2055 2703 2094 et
2716 2042 3061 2110 Vocatinmpro-

2118 2118 2283 2172 fectus
2322 2132 2403 2172 est
2426 2146 2449 2167 a
2472 2160 2487 2188 ,
2526 2134 2581 2174 et
2624 2122 2786 2193 paulo
2816 2134 2947 2193 post,
2982 2140 3057 2191 cap.

2122 2216 2192 2269 ²7
2225 2216 2240 2250 t
2276 2224 2300 2249 ι
2326 2198 2518 2271 Magna
2550 2218 2678 2270 pars
2706 2200 2971 2273 Aquitania,-
2990 2219 3059 2251 sese

2120 2276 2362 2342 dedidit,
2408 2277 2730 2352 obsidesque
2776 2280 2901 2333 ultro
2932 2280 3055 2332 misit:

2120 2374 2229 2427 quo
2274 2357 2329 2409 in
2364 2374 2593 2411 numero
2637 2361 2849 2412 suerunt
2872 2359 3057 2429 Bigerrio·

2119 2453 2243 2500 nes,
2268 2436 2533 2500 precinui,
2562 2438 2813 2502 Vocates,
2833 2440 3054 2495 Tarusates,

2120 2527 2220 2567 etc.
2256 2540 2277 2562 ι
2312 2515 2513 2585 Pagum
2541 2517 2599 2569 hi
2634 2530 2874 2584 tenuere,
2908 2518 2973 2571 cui
2993 2536 3055 2567 no·
3129 2518 3130 2523 ’

2121 2613 2243 2647 men
2286 2595 2557 2668 hodieque
2590 2599 2850 2670 priscum,
2873 2600 2909 2649 le
2930 2600 3055 2650 Tama

2122 2667 2465 2745 (de‘partement
2484 2677 2568 2729 des
2588 2667 2801 2748 Laudes)
2814 2717 2829 2742 ,
2842 2691 2895 2731 ut
2906 2675 3052 2749 quidem

2122 2753 2381 2808 existimat
2408 2757 2680 2822 Mariana,
2714 2759 2841 2811 Hist.
2863 2759 2980 2826 Hisp-
2996 2755 3053 2806 lib-

2122 2834 2233 2899 111,
2266 2852 2381 2905 cap.
2414 2837 2509 2894 18,
2555 2858 2610 2909 p.
2650 2840 2786 2906 118,
2812 2834 3055 2891 cuiassenti·

2122 2925 2215 2966 tur
2245 2913 2566 2970 n'Anvinm.
2593 2919 2699 2971 En.

2210 3011 2301 3063 29.
2325 2994 2670 3051 Basabocates.
2696 2999 2775 3051 Ita
2790 2997 2901 3048 libri
2918 3011 3054 3046 omnes.

2126 3071 2235 3135 Qui
2247 3085 2421 3126 autem
2436 3095 2535 3147 pro
2556 3078 2881 3132 Bacchae-tes,
2902 3076 3051 3129 Banu,

2126 3151 2307 3204 Boules
2335 3153 2438 3226 legi
2476 3169 2669 3227 putant
2700 3167 2947 3228 oportere,
2970 3155 3055 3204 Boa-

2126 3230 2368 3304 tiumque
2425 3238 2694 3290 civitatem
2754 3236 2871 3289 olim
2924 3230 3054 3284 Boium

2127 3310 2285 3365 fuisse
2296 3331 2362 3365 ex
2374 3313 2557 3370 libello
2569 3316 2939 3369 Provinciamm
2949 3313 3053 3363 nom.

2128 3390 2385 3458 afferunt,
2412 3407 2542 3448 teste
2576 3408 2799 3448 utuntur
2833 3392 2978 3446 dnbio
3000 3387 3059 3440 ad·

2128 3469 2347 3524 modum
2368 3471 2494 3526 fidei
2510 3513 2527 3540 ,
2554 3494 2648 3528 sua
2669 3474 2855 3528 somnia
2874 3489 2979 3542 sepe
2992 3486 3053 3540 ΡΝ

2126 3567 2257 3603 vero
2276 3551 2620 3616 obtrudente‚
2648 3557 2795 3627 cnjus
2804 3549 3055 3606 mendacium

2126 3628 2227 3682 hac
2269 3629 2325 3683 in
2374 3647 2525 3705 parte
2564 3633 2762 3707 detegit
2804 3630 2993 3684 Valesius
3018 3626 3051 3676 in

2128 3707 2297 3762 Notit.
2327 3712 2463 3766 Gau.
2493 3733 2610 3786 pag.
2644 3715 2774 3784 3²9.
2798 3711 3055 3765 meoffltss

2125 3806 2156 3840 a
2185 3789 2385 3844 Caesare
2420 3793 2623 3846 Vocates
2644 3793 2875 3848 dicuntur
2893 3789 2969 3842 loc.
2993 3783 3051 3834 cit.

2125 3866 2256 3920 Mox
2280 3871 2483 3925 Vasatae
2499 3912 2512 3935 ‚
2544 3873 2833 3944 Basataeque
2852 3867 2975 3922 iidem
2996 3879 3055 3931 np-

2124 3947 2339 4018 pellati;
2368 3951 2473 4004 illis
2501 3953 2758 4026 oppidum
2784 3951 2872 4003 fuit
2897 3941 3051 3998 Cossio.

2124 4041 2305 4096 postea
2326 4031 2562 4096 Vasates,
2578 4031 2737 4086 hodie
2760 4031 2903 4083 Bam
2918 4016 3051 4090 (Ιᾴῡ

2124 4117 2297 4162 temne
2318 4110 2379 4162 de
2400 4111 2449 4162 la
2482 4110 2733 4176 Gir-vnde).
2768 4109 2829 4162 H.
2856 4118 2901 4158 et
2924 4103 2999 4155 En-

2206 4187 2291 4241 30.
2304 4191 2362 4240 V
2356 4196 2478 4243 assei
2480 4232 2491 4245 .
2514 4191 2671 4246 Forte
2689 4187 2895 4250 vasariis
2911 4175 3050 4234 Μ’
