3300 5175
753 550 762 563 ·
827 512 973 607 viij·
1059 540 1099 547 ··
1205 510 1807 581 PRAEMONITIO
1856 512 1983 580 AD
2034 512 2548 581 LECTOREM.

825 637 1074 699 Binan}
1107 654 1196 697 nu
1239 634 1501 697 Bocmn
1520 679 1540 716 ,
1575 632 1693 721 qui
1722 654 1858 697 non
1894 647 2069 697 totus
2104 632 2546 723 geographicae
2580 632 2860 699 scientiae
2890 648 2962 698 et
3035 668 3045 676 ·

820 738 1039 803 amicis
1071 753 1459 829 praereptus,
1494 752 1817 825 superstes
1845 730 2365 826 quodammodo
2388 735 2513 801 sibi
2528 736 2689 803 vivit
2720 737 2789 801 in
2822 736 2957 801 filio

821 867 955 908 non
979 843 1179 907 semel
1200 840 1282 906 de
1309 864 1416 906 me
1446 840 1530 905 ad
1561 841 1691 906 hoc
1713 840 2191 923 conficiendum
2218 863 2384 933 opus
2409 842 2656 932 optime
2692 842 2955 925 merit03

822 950 1096 1013 doctum
1145 949 1458 1012 viatorem
1505 947 1972 1025 Ponanvnmn
1992 998 2009 1025 ,
2051 948 2165 1036 qui
2201 963 2302 1011 tot
2329 945 2473 1012 loca
2517 947 2589 1011 in
2626 968 2700 1011 ea
2728 947 2957 1012 saltem

823 1056 1085 1120 Graeciae
1115 1068 1334 1142 parte,
1365 1052 1639 1142 Epirum
1672 1051 1853 1136 dico,
1880 1058 2067 1135 cujus
2092 1053 2558 1119 accuratiorem
2582 1050 2957 1142 descriptio·

821 1184 975 1226 nem
1025 1156 1375 1224 desiderari
1422 1174 1718 1247 tempore
1762 1181 1884 1223 suo
1926 1150 2249 1224 fatebatur
2297 1157 2651 1224 n’Anvrnm
2669 1206 2689 1241 ,
2748 1158 2959 1247 sagaci

819 1264 1042 1329 animo
1089 1280 1156 1328 et
1189 1259 1525 1327 indefessis
1558 1260 1892 1329 laboribus
1936 1264 2317 1353 recognovit
2361 1264 2653 1352 primus3
2709 1263 2957 1328 clarum

820 1373 1055 1451 Luni,
1083 1368 1269 1450 cujus
1303 1368 1633 1459 diligentia
1653 1390 1865 1458 nuper
1885 1369 1955 1433 in
1983 1370 2194 1434 lucem
2222 1368 2466 1458 prodiit
2487 1366 2825 1459 magnifica
2850 1368 2959 1434 illa

823 1476 1080 1543 Graeciae
1117 1496 1347 1565 mappa
1365 1523 1384 1558 ,
1419 1496 1548 1562 qua
1583 1490 1716 1539 tam
1755 1474 1975 1539 multis
2012 1474 2453 1565 geographicis
2484 1472 2792 1563 operibus
2825 1476 2957 1565 suis

823 1583 1009 1671 quasi
1042 1582 1382 1647 cumulum
1409 1580 1743 1670 imposuit.
1788 1578 2052 1669 Neque,
2077 1603 2288 1669 quum
2326 1579 2626 1645 manibus
2661 1580 2959 1646 omnium

822 1703 1162 1752 versentur
1195 1701 1295 1750 tot
1327 1682 1869 1774 peritissimorum
1910 1686 2201 1751 virorum
2240 1707 2471 1773 opera,
2503 1684 2743 1749 mirum
2775 1701 2872 1750 est
2904 1686 2959 1751 si

823 1816 1119 1884 mappas,
1147 1816 1306 1881 quas
1332 1814 1454 1883 ego
1480 1793 1636 1856 huic
1661 1792 1843 1893 operi
1864 1808 2084 1882 aptare
2107 1792 2397 1880 primum
2428 1792 2647 1857 animo
2679 1788 2962 1859 destina-

823 1922 1074 1981 veram,
1114 1922 1266 1963 mox
1299 1914 1376 1962 ut
1413 1921 1966 1987 supervacaneum
1998 1897 2192 1963 simul
2230 1920 2307 1963 ac
2340 1897 2756 1963 temerarium
2790 1920 2959 1989 opus

824 2003 1083 2096 aggredi
1115 2002 1617 2093 supersederim.

913 2109 1032 2191 Hi,
1069 2109 1274 2173 lector
1304 2109 1550 2198 optime
1570 2156 1589 2190 ,
1634 2108 1904 2173 fuerunt
1940 2107 2136 2174 duces
2178 2110 2345 2193 mei,
2386 2110 2591 2174 immo
2645 2130 2962 2174 nonnun-

829 2237 1027 2303 quam
1080 2229 1147 2278 et
1194 2212 1540 2295 adjutores.
1591 2212 1746 2277 Non
1800 2230 2017 2279 tamen
2065 2214 2316 2279 nullum
2361 2215 2649 2281 invenies
2691 2215 2914 2281 locum
2938 2264 2959 2298 ,

827 2320 1183 2409 praesertim
1239 2319 1304 2382 in
1369 2317 1697 2407 prioribus
1756 2320 1936 2384 libris
1998 2318 2295 2403 duobus,
2352 2343 2488 2411 quo
2550 2320 2961 2404 conjecturas

827 2447 1036 2505 meas,
1066 2423 1374 2488 omnibus
1411 2420 1860 2487 deficientibus
1895 2421 2179 2507 auxiliis,
2203 2425 2341 2515 ipse
2370 2447 2736 2515 proponere
2760 2448 2961 2491 ausus

828 2530 1102 2612 fuerim,
1136 2552 1210 2595 ea
1247 2544 1501 2612 tamen,
1548 2544 1626 2594 ut
1658 2551 1868 2619 spem,
1909 2526 2253 2615 modestia,
2288 2552 2467 2621 quae,
2517 2533 2571 2598 si
2606 2554 2713 2598 me
2748 2554 2963 2598 errare

823 2635 1235 2719 judicaveris,
1261 2636 1514 2699 veniam
1547 2659 1584 2698 a
1615 2651 1712 2718 te,
1741 2635 1945 2701 lector
1977 2637 2291 2702 benevole
2312 2686 2331 2720 ,
2365 2637 2751 2727 impetrandi
2775 2661 2961 2728 spem

829 2743 992 2807 mihi
1026 2742 1193 2806 facit.
1211 2741 1439 2824 ‘Quam
1475 2763 1556 2804 ne
1593 2740 1931 2808 defraudes
1976 2767 2226 2832 precor,
2265 2761 2405 2809 tum
2435 2745 2503 2809 in
2538 2746 2700 2827 hoc,
2729 2761 2872 2810 tum
2901 2743 2956 2809 si

829 2847 989 2936 quid
1019 2847 1196 2912 aliud
1226 2845 1839 2935 reprehendendum
1871 2847 2221 2914 offenderis
2260 2850 2330 2913 in
2361 2872 2557 2939 opere
2586 2850 2711 2916 isto
2730 2898 2749 2932 ,
2777 2849 2961 2938 quod

829 2969 1031 3017 totam
1090 2951 1211 3016 viri
1265 2974 1370 3016 me
1427 2948 1736 3016 doctioris
1793 2952 1990 3018 vitam
2040 2955 2221 3019 facile
2278 2953 2784 3046 consumpsisset
2805 3004 2826 3039 ,
2890 2971 2959 3020 et

830 3057 1013 3147 quod
1035 3073 1252 3122 tamen
1278 3056 1447 3121 intra
1474 3056 1829 3122 triennium
1858 3057 2143 3142 confeci,
2175 3082 2311 3124 non
2338 3060 2535 3126 semel
2570 3062 2763 3126 etiam
2791 3059 2966 3125 infir·

834 3187 938 3226 ma
969 3159 1338 3227 valetudine
1371 3160 1715 3226 distractus
1745 3184 1784 3225 a
1814 3162 2166 3230 laboribus.
2212 3165 2392 3230 Inter
2424 3165 2753 3230 Excursus
2787 3188 2963 3230 non-

833 3269 1048 3332 nullos
1065 3316 1084 3351 ,
1119 3266 1357 3355 quibus
1392 3267 1634 3331 horum
1662 3283 1945 3354 quatuor
1974 3269 2292 3334 librorum
2314 3270 2457 3335 loca
2484 3269 2779 3359 quaedam
2812 3270 2965 3335 illu-

834 3373 1020 3436 strari
1041 3389 1411 3461 potuerant,
1428 3368 1595 3436 duos
1627 3387 1884 3437 tantum
1913 3375 2103 3464 selegi
2116 3373 2171 3457 ³⁶,
2192 3374 2598 3442 demensibus
2612 3376 2964 3464 AEgyptiis,

823 3493 902 3554 ct
914 3477 993 3541 de
1005 3477 1306 3541 Paradisi
1318 3482 1622 3541 terrestris
1636 3478 1762 3542 situ
1779 3493 2144 3562 tractantes,
2161 3501 2243 3544 ne
2262 3479 2567 3545 volumen
2584 3480 2713 3545 hoc
2727 3503 2966 3546 secun·
3022 3480 3033 3492 '

839 3583 997 3646 dum
1020 3629 1037 3664 ,
1071 3580 1253 3669 quod
1274 3580 1405 3662 jam
1433 3581 1504 3644 in
1535 3597 1751 3670 partes
1785 3583 2071 3670 geminas
2105 3585 2428 3649 resolvere
2454 3585 2662 3650 coacti
2692 3607 2925 3651 sumus
2944 3633 2963 3668 ,

841 3687 1054 3752 nimiis
1087 3684 1669 3774 disquisitionibus,
1694 3710 1907 3776 neque
1934 3689 2023 3753 ita
2045 3691 2413 3755 necessariis
2434 3706 2776 3757 oneratum
2794 3692 2965 3758 ultra

839 3794 1149 3858 terminos
1182 3808 1591 3858 excresceret.
1606 3793 1764 3858 Vale
1784 3843 1803 3875 ,
1839 3794 2208 3884 iterumque
2240 3797 2402 3862 vale.

907 3937 928 3960 ¹*
967 3937 1123 3998 Vide,
1159 3938 1197 4016 si
1216 3937 1372 4002 placet
1394 3973 1408 3996 ,
1442 3939 1506 3988 ad
1529 3939 1711 3986 calcem
1737 3937 1851 3986 libri
1876 3940 2035 4000 sexti,
2066 3957 2180 4006 pag.
2204 3944 2324 4004 76².

2328 4039 2400 4100 F.
2432 4037 2786 4101 ANSART.
2887 4017 2910 4028 “
