3300 5175
1190 522 1432 593 LIBE
1455 526 1520 593 R
1573 524 1703 591 lv.

2355 521 2501 619 337

367 656 832 729 mediterranei
856 640 1101 723 xx1v⁴³⁰.
1123 654 1250 722 Sex
1293 640 1596 747 oppida⁴¹
1627 678 1642 719 ε
1678 654 2058 747 Orgocyni,
2105 653 2511 739 Characeni,

367 765 698 859 Lagyrani
714 817 732 849 ‚
753 761 1082 842 Tractari,
1105 758 1604 844 Archilachitae‚
1627 757 1943 828 Caliordi.
1966 763 2003 827 J
2008 784 2211 853 ugum

365 870 788 965 Scythotauri
817 881 1060 936 tenent.
1091 865 1511 935 Clauduntur
1525 866 1610 933 ab
1629 864 1973 935 occidente
2003 867 2425 937 Cherroneso

2228 747 2277 790 ⁴²
2293 762 2509 855 ipsum

2434 855 2484 899 43

2490 922 2509 956 9

367 978 452 1044 ab
487 993 640 1045 ortu
682 974 940 1069 Scythis
973 960 1392 1042 Satarchis⁴⁴.
1429 976 1510 1041 In
1542 996 1661 1041 ora
1678 958 1727 1003 ‘¹⁵
1766 998 1808 1040 a
1845 973 2177 1042 Carcinite
2210 974 2461 1069 oppida
2490 1001 2505 1040 ε

366 1068 740 1178 Taphrae⁴⁶‚
783 1083 850 1148 in
895 1081 1051 1174 ipsis
1111 1080 1434 1173 angustiis
1496 1077 1856 1173 peninsulae
1899 1097 1914 1138 τ
1969 1104 2125 1147 mox
2187 1080 2511 1151 Heraclea

367 1174 918 1272 Cherronesos⁴⁷‚
962 1185 1262 1255 libertate
1289 1210 1329 1253 a
1367 1171 1745 1254 Romanis⁴⁸
1790 1184 2132 1253 donatum.
2170 1188 2509 1281 Megarice
2544 1208 2579 1260 7

366 1296 733 1364 vocabatur
771 1308 996 1380 antea,
1033 1293 1346 1387 praecipui
1375 1293 1608 1361 nitoris
1637 1294 1705 1361 in
1735 1306 1878 1360 toto
1900 1316 1980 1360 eo
2006 1305 2257 1377 tractu,
2286 1308 2508 1363 custo·

367 1402 517 1470 ditis
585 1403 859 1470 Graeciae
900 1400 1232 1483 moribuS‚
1295 1400 1588 1493 quinque
1668 1397 1873 1466 millia
1931 1422 2099 1493 paSS.
2175 1400 2509 1469 ambiente

367 1532 583 1577 muro.
621 1506 788 1575 Inde
811 1506 1240 1575 Parthenium
1255 1491 1306 1543 ⁴⁹

449 1740 538 1797 40.
589 1734 810 1787 XXIV.
857 1734 1008 1787 MSS.
1059 1735 1191 1804 neg.
1227 1753 1286 1800 1,
1322 1756 1350 1787 α
1374 1772 1390 1799 ,

367 1814 522 1867 Colh.
559 1831 582 1865 1
605 1854 621 1879 ,
653 1834 681 1867 2
699 1851 716 1877 ‚
749 1831 926 1866 xxvu.
951 1814 1134 1867 Hann.

450 1900 544 1957 41.
586 1892 686 1945 Sex
727 1894 902 1964 oppida
921 1934 938 1956 ,
984 1906 1082 1946 etc.
1139 1894 1202 1945 In
1257 1891 1387 1947 edit.

364 1973 541 2026 Parm.
574 1986 628 2027 et
661 1974 812 2029 MSS.
845 1972 1105 2029 Caraceni,
1130 1973 1388 2046 Assyrani.

365 2053 478 2105 Nos
500 2070 564 2104 ex
586 2054 870 2106 Ptolemaeo
885 2090 900 2117 ,
921 2052 1014 2106 lib.
1043 2053 1126 2105 111
1144 2091 1161 2116 ,
1186 2072 1306 2124 cap.
1334 2058 1390 2117 6,

369 2132 638 2185 Characem·
656 2147 707 2185 et
725 2132 976 2205 Lagywani
989 2133 1385 2201 rescripsimus:

365 2212 617 2281 quoniam
652 2213 706 2265 in
748 2213 973 2265 Taurica
1016 2210 1214 2283 oppida
1264 2225 1390 2265 sunt

364 2290 508 2363 apud
545 2312 668 2345 eum
707 2292 836 2357 ista,
878 2292 1054 2363 Χάραξ
1071 2305 1124 2345 et
1163 2294 1386 2364 Δαγῦρα.

361 2372 470 2423 Pro
522 2371 808 2443 Orgocyni,
853 2372 988 2425 forte
1019 2372 1275 2441 Argodeni
1301 2391 1386 2425 re-

361 2450 524 2516 ctius,
553 2452 622 2503 ab
643 2442 861 2521 Ᾰργωὸα
889 2450 1124 2521 ejusdem
1145 2452 1389 2507 Tauricae

362 2528 750 2584 mediterraneo
764 2528 991 2602 oppido.
1007 2531 1110 2583 Pro
1132 2534 1360 2584 Tractat-i
1371 2570 1388 2598 ,

361 2610 514 2664 MSS.
535 2610 758 2664 Stactari
778 2612 994 2664 habent.
1018 2612 1082 2664 In
1098 2611 1248 2664 libris
1261 2611 1388 2666 hac-

362 2704 516 2744 tenns
566 2691 794 2762 vulgatis
840 2691 1060 2762 legitur,
1126 2691 1383 2758 Cerauni,

366 2769 620 2843 Asqrram'.
653 2770 838 2825 Han.

449 2857 518 2914 4²
533 2891 544 2903 .
565 2851 745 2918 Iugum
769 2855 936 2920 ipsum.
960 2849 1194 2916 Montes,
1216 2852 1308 2923 qui
1331 2852 1390 2904 in

364 2929 592 2983 Taurica
612 2928 941 2983 Chersoneso
963 2931 1215 2984 eminent.
1237 2931 1306 2983 H.

448 3011 544 3072 43.
600 3009 912 3063 Cherroneso.
958 3007 1178 3080 Oppido
1221 3010 1390 3064 Hera·

365 3089 655 3142 cleotarum
676 3127 694 3154 ‚
715 3088 783 3142 de
810 3108 917 3161 quo
945 3107 1088 3142 mox.
1109 3089 1291 3141 llum.

449 3175 541 3232 44.
563 3169 830 3221 Satan-his.
853 3169 1097 3234 Quorum
1127 3167 1389 3240 oppidum

365 3246 420 3300 in
459 3249 687 3302 Taurica
720 3250 1050 3302 Chersoneso
1081 3247 1392 3301 mediterra-

361 3347 523 3380 neum
535 3327 943 3399 Σατάρχη,αρυά
963 3327 1394 3392 Ptolem.lib.111‚

365 3427 482 3477 cap.
509 3413 570 3469 6.
599 3409 784 3472 incolje
807 3408 1108 3480 Pomponio
1129 3407 1391 3460 Satarchae

364 3486 514 3541 dicti.
531 3489 609 3540 De
631 3488 712 3540 his
734 3485 980 3551 Solium,
997 3507 1112 3558 cap.
1134 3506 1202 3540 xv
1218 3527 1233 3550 .
1267 3507 1387 3558 pag.

369 3565 440 3620 35
474 3589 485 3618 :
538 3594 561 3616 ι
599 3569 856 3622 Satarchae
883 3586 981 3619 usu
1013 3566 1126 3620 auri
1159 3570 1388 3638 argenti-

364 3666 468 3717 que
487 3645 736 3700 damnato
755 3687 769 3710 ‚
797 3649 852 3699 in
881 3660 1142 3700 aeternum
1165 3667 1220 3698 se
1237 3667 1264 3699 a
1285 3666 1389 3720 pu-

364 3728 501 3780 blica
519 3727 734 3780 avaritia
753 3725 1108 3780 vindicarunt.
1135 3754 1156 3774 ι
1179 3727 1250 3779 Ηί
1269 3741 1391 3780 sunt

367 3825 500 3876 quos
527 3808 758 3872 Plinius,
785 3807 878 3861 lib.
905 3807 983 3860 VI
1000 3848 1016 3874 ,
1039 3827 1154 3878 cap.
1185 3827 1216 3877 7
1234 3848 1250 3869 ,
1295 3809 1388 3860 Sa·

367 3889 606 3940 tarcheos
632 3901 800 3941 vocat.
824 3887 1008 3940 llann.

451 3969 542 4028 45.
566 3969 628 4019 ln
659 3988 774 4032 ora,
809 3979 910 4021 etc.
939 3969 1064 4020 Vet.
1094 3985 1179 4038 ap.
1209 3967 1387 4020 Dalec.

377 4069 398 4090 a
427 4045 489 4098 In
503 4066 596 4099 ora
616 4047 846 4102 Caresne
865 4045 1128 4118 oppidum
1144 4084 1162 4113 ‚
1187 4047 1390 4118 Tagi-c}

369 4136 469 4176 etc.
495 4151 518 4172 a
552 4125 656 4180 En.

532 4238 629 4302 II.

1336 1506 1872 1601 promontorium
1887 1512 1919 1593 ,'
1947 1507 2321 1575 Taurorum
2352 1509 2509 1577 civi-

1563 1738 1656 1797 46.
1682 1735 1733 1786 T
1728 1735 1910 1804 aphroe.
1929 1732 2070 1786 Mela
2080 1772 2097 1795 ‚
2133 1733 2228 1787 lib.
2252 1736 2361 1798 III,
2382 1754 2501 1806 cap.

1485 1832 1508 1866 1
1541 1832 1555 1867 ε
1587 1812 1740 1883 Quod
1764 1818 1889 1865 inter
1911 1812 2139 1883 paludem
2174 1815 2391 1867 Maeotin
2410 1854 2425 1880 ‚
2457 1828 2506 1867 et

1475 1897 1628 1945 sinum
1649 1892 1954 1951 Carciniten
1972 1906 2044 1945 est
2060 1930 2076 1955 ‚
2112 1894 2321 1963 Taplaeroe
2351 1900 2505 1947 nomi-

1476 1986 1671 2027 nantur.
1696 1974 2011 2037 Ptolemaeo,
2042 1974 2143 2025 loc.
2170 1974 2260 2027 cit.
2292 1975 2502 2043 Τάφρος.

1476 2053 1661 2106 ΗΑΒ».
1691 2084 1769 2095 -
1788 2052 2057 2123 Taphrae,
2089 2072 2237 2105 nnnc
2252 2054 2461 2125 Perecop
2481 2076 2503 2117 ,-

1475 2134 1636 2203 vulgo
1658 2150 1871 2205 quoque
1900 2132 2105 2201 Orkapa'.
2136 2134 2301 2186 Bao-r.

1559 2218 1650 2283 47.
1694 2212 1939 2264 Heraclea
1984 2212 2318 2266 Cherronesos.
2368 2214 2505 2267 Sunt

1473 2292 1615 2345 enim
1631 2292 1727 2345 ista
1740 2292 2066 2361 conjunctim
2084 2290 2303 2363 legenda
2325 2311 2338 2346 :
2356 2292 2501 2347 unde

1474 2372 1717 2445 superius
1749 2390 1865 2442 cap.
1897 2378 1998 2436 24,
2037 2369 2235 2425 dicitur
2270 2372 2503 2426 Cherro-

1473 2470 1630 2505 nesus
1706 2450 2139 2505 Heracleotarum
2213 2452 2501 2523 oppidum.

1475 2532 1693 2596 Strabo,
1722 2532 1816 2585 lib.
1850 2531 1988 2596 VII,
2016 2550 2135 2604 pag.
2168 2531 2277 2585 308
2302 2554 2315 2583 t
2349 2535 2500 2594 Πόλις

1473 2604 1805 2682 Ἡρακλεωτῶν
1859 2615 2129 2681 καλουμένη
2177 2613 2503 2684 Ιιῤῥόνησος.
2590 2653 2602 2660 -

1473 2692 1642 2757 Mela,
1662 2691 1767 2744 loc.
1790 2691 1883 2744 cit.
1934 2717 1956 2738 ι
1992 2689 2273 2763 Oppidum
2295 2692 2505 2764 adjacet

1475 2765 1861 2835 Chersonesus‘,
1878 2789 1909 2824 a
1931 2772 2100 2824 Diana
2116 2811 2132 2836 ,
2155 2771 2199 2824 si
2228 2772 2469 2826 creditur
2486 2811 2503 2837 ‚

1474 2849 1771 2914 conditum,
1781 2865 1833 2904 et
1846 2851 1895 2902 N
1897 2851 2151 2922 ymphaeo
2166 2851 2502 2924 specu‚quod

1473 2932 1532 2984 in
1554 2950 1674 2984 arce
1691 2931 1739 2983 ei
1758 2943 2020 2984 sacratum
2047 2943 2123 2982 est
2138 2964 2155 2990 ,
2194 2933 2421 2984 maxime
2442 2932 2505 2983 il-

1475 3011 1662 3063 lustre.
1690 3036 1712 3056 ι·
1738 3009 1806 3061 Η.
1823 3005 2073 3062 -Nssnc
2101 3009 2335 3074 cherson,
2370 3031 2504 3063 non·

1474 3108 1751 3160 nunquam
1774 3090 1932 3141 etiam
1943 3089 2148 3140 Kosleve
2162 3088 2385 3143 dictum.
2395 3091 2505 3146 Eu.

1563 3173 1654 3232 48.
1690 3169 1741 3221 Α
1767 3169 2013 3220 Romanis.
2039 3169 2219 3234 Quum
2243 3169 2504 3223 debellato

1477 3247 1788 3302 Mithridate
1796 3262 1903 3301 tota
1911 3249 2057 3320 regio
2073 3249 2126 3301 in
2142 3250 2507 3304 Romanorum

1479 3341 1793 3400 potestatem
1816 3329 1975 3380 venit.
2005 3327 2182 3382 Haeo.

1564 3415 1656 3477 49.
1674 3407 2000 3461 Partheniana.
2021 3409 2084 3460 In
2098 3409 2324 3462 Taurica
2342 3409 2508 3465 Cher·

1479 3506 1667 3540 soneso
1684 3529 1699 3552 ‚
1732 3491 1862 3540 sinus
1875 3501 2129 3558 portuosus
2142 3530 2157 3553 ,
2188 3489 2365 3560 inquit
2390 3491 2507 3542 Me-

1477 3569 1552 3634 la,
1579 3569 1678 3620 lib.
1698 3569 1753 3620 11
1772 3606 1790 3631 ‚
1814 3585 1929 3640 cap.
1953 3587 1975 3622 1
2007 3609 2024 3632 ,
2062 3595 2084 3616 ι
2120 3583 2172 3622 et
2198 3567 2319 3621 ideo
2342 3571 2505 3632 Καλὸς

1475 3649 1618 3719 λιμὴν
1643 3646 1935 3719 appellatus
1948 3686 1964 3710 ,
1983 3648 2364 3719 promontoriis
2376 3648 2509 3702 duo·

1478 3728 1579 3781 bus
1609 3727 1906 3792 includitur
1938 3748 1950 3778 :
1986 3727 2209 3780 alterum
2249 3735 2396 3799 Κριοῦ
2423 3733 2510 3799 μὲ-

1479 3829 1644 3860 τωπον
1684 3819 1907 3872 vocant,
1934 3807 2251 3861 Carambico
2276 3807 2425 3878 quod
2451 3810 2509 3862 in

1478 3889 1600 3941 Asia
1627 3886 1863 3942 diximus
1885 3928 1901 3953 ,
1950 3906 2045 3959 par
2085 3901 2136 3940 et
2182 3886 2461 3940 adversum
2493 3909 2509 3944 ε

1479 3967 1800 4020 Parthenion
1840 3980 2091 4019 vocant.-
2128 3965 2291 4020 Unde
2338 3971 2509 4021 mani·

1482 4045 1672 4100 festum
1715 4060 1792 4099 est
1832 4047 2001 4100 Καλὸν
2040 4048 2215 4117 λιμένα
2262 4046 2511 4100 eumdem

1483 4144 1595 4178 esse
1613 4168 1628 4191 ,
1673 4127 1767 4196 qui
1811 4146 1937 4179 mox
1977 4125 2279 4196 Symbolon
2328 4140 2517 4200 portus

2148 4260 2242 4303 22
