3300 5175
902 548 1054 623 300
1440 551 1518 619 C.
1574 549 1966 626 PLINII
1984 550 2205 619 NAT.
2259 549 2521 618 HIST.

897 685 1188 753 OEnone
1224 681 1534 751 vocitata.
1581 668 1903 777 Spiraeo⁵⁹
1948 682 2411 812 promontorio
2438 678 2751 773 objacent
2776 677 3026 765 Eleusa,

819 858 822 861 ,
896 773 1276 859 Dendros⁶⁰
1277 841 1300 877 ,
1337 789 1643 884 Craugiae
1673 787 1861 877 duae,
1896 774 2190 861 Caeciae⁶¹
2221 788 2404 875 duae,
2436 786 2829 875 Selachusa‚
2863 789 3023 859 Cen-

893 896 1110 966 chreis
1129 948 1147 981 ‚
1202 896 1417 991 Aspis,
1477 898 1648 965 Sunt
1707 910 1777 965 et
1839 897 1910 965 in
1959 896 2301 991 Megarico
2358 896 2507 965 sinu
2562 880 3025 963 Methurides⁶²

894 1017 1203 1097 quatuor.
1239 986 1516 1097 AEgila⁵³
1555 1016 1781 1071 autem
1816 1027 1905 1071 xv
1937 999 2097 1071 mill.
2127 1026 2299 1098 pass.
2338 1026 2379 1070 a
2408 1000 2737 1095 Cythera,
2775 1000 3029 1070 eadem-

895 1133 1024 1203 que
1061 1133 1101 1177 a
1139 1112 1355 1180 Cretae
1384 1106 1789 1179 Phalasarna
1821 1109 2071 1205 oppido
2104 1132 2255 1178 xxv
2282 1105 2443 1177 mill.
2488 1132 2824 1202 passuum.

831 1251 854 1286 1
999 1217 1157 1284 XX.
1203 1217 1359 1310 Ipsa
1399 1212 1634 1285 Creta¹
1672 1213 1883 1286 altero
1927 1215 2129 1286 latere
2174 1214 2259 1285 ad
2311 1228 2611 1284 austrum
2636 1268 2656 1299 ‚
2698 1212 2903 1283 altero
2948 1213 3030 1282 ad

896 1323 1447 1417 septemtrionem
1477 1346 1701 1403 versa,
1741 1322 1917 1391 inter
1946 1338 2169 1392 ortum
2190 1345 2635 1415 occasumque
2659 1322 3037 1415 porrigitur,

897 1443 1172 1499 centum
1217 1426 1524 1497 urbium²
1570 1427 1751 1498 clara
1786 1428 1982 1499 fama.
2013 1427 2341 1499 Dosiades
2380 1450 2527 1497 eam
2554 1450 2594 1495 a
2623 1429 2823 1497 Crete
2851 1452 3037 1521 nym-

2010 1640 2099 1676 ma
2118 1622 2370 1693 Μιθουρία
2380 1620 2653 1693 Stephano
2668 1620 3041 1692 appellatam,

2009 1702 2150 1754 inter
2190 1701 2435 1772 AEginam
2479 1713 2531 1753 et
2577 1700 2812 1753 Atticum
2838 1738 2855 1769 ,
2894 1702 3043 1772 juxta

2010 1781 2325 1842 Troezenem
2360 1799 2375 1831 :
2414 1783 2561 1841 νῆσος
2610 1780 2799 1850 μεταξὺ
2844 1781 3045 1851 Αἰγίνης

2009 1859 2095 1913 καὶ
2120 1853 2365 1924 Arra-fic,
2384 1859 2592 1917 πλησίον
2619 1862 2897 1930 Τροιζῆνος·
2913 1860 3053 1912 Revi-

2012 1952 2158 1993 touza
2166 1938 2615 2006 vocanturhodie,
2624 1952 2842 1993 auctore
2854 1940 3049 1993 Lura.

2010 2000 2193 2071 ΗΑιιιι.
2204 2029 2256 2069 et
2268 2017 2371 2070 En.

2092 2099 2187 2153 63.
2206 2099 2410 2169 AEgila.
2426 2098 2507 2151 Ita
2531 2098 2669 2152 MSS
2691 2116 2889 2153 omnes
2890 2100 3051 2169 meg.

1998 2178 2357 2247 ⁴1,2,C01b.
2412 2196 2476 2243 1,
2508 2199 2571 2237 3.
2612 2178 2782 2231 Paris.
2810 2190 2922 2232 etc.
2962 2180 3055 2231 ubi

893 1623 1102 1677 Tzetzoe
1115 1621 1186 1675 in
1209 1622 1482 1694 Lycophr.
1507 1640 1647 1676 vers.
1695 1620 1839 1693 195,
1865 1643 1921 1696 p.

869 1702 1006 1767 3;6
1037 1700 1405 1773 Apollodoro,
1443 1702 1538 1754 lib.
1562 1703 1650 1755 111
1681 1701 1749 1754 de
1772 1702 1922 1769 Diis,

890 1800 1012 1854 pag.
1057 1800 1202 1859 ²²9⁹
1245 1793 1302 1834 et
1325 1793 1450 1834 ante
1475 1799 1568 1834 eos
1613 1780 1921 1846 Herodoto,

892 1862 1064 1915 Uran.
1084 1861 1182 1915 lib.
1207 1861 1381 1926 vm,
1404 1879 1527 1932 pag.
1566 1867 1704 1931 477,
1727 1880 1784 1914 ιι.
1828 1864 1949 1925 46.

893 1940 1077 1996 Ham.
1098 1969 1178 1981 -·
1200 1942 1326 1995 Vet.
1365 1939 1514 2012 apud
1548 1941 1730 1996 Dulce.
1754 1942 1923 1994 AEno-

887 2024 996 2091 pia.
1024 2022 1136 2074 En.

977 2100 1074 2171 59.
1100 2099 1306 2171 Spiraeo.
1335 2102 1416 2153 De
1455 2117 1566 2171 quo
1600 2118 1717 2173 cap.
1747 2120 1804 2170 9.
1841 2101 1924 2154 Ex

871 2178 976 2233 his
997 2180 1187 2234 insulis
1209 2170 1428 2233 ἐλεοῦσι
1444 2180 1697 2234 Straboni
1718 2198 1925 2233 memo-

887 2271 1060 2325 ratur,
1081 2260 1178 2313 lib.
1199 2260 1310 2323 Ix,
1329 2278 1446 2332 pag.
1471 2259 1606 2328 398.
1629 2252 1793 2321 Ᾰσπὶς
1815 2260 1925 2313 Ste-

890 2340 1095 2410 phano.
1123 2342 1207 2393 De
1227 2341 1432 2393 caeteris
1457 2351 1699 2393 auctores
1724 2338 1925 2393 deside·

889 2438 972 2473 ro.
991 2419 1308 2474 Halia—E
1329 2419 1548 2491 regione
1566 2420 1923 2490 promontorii

890 2497 1113 2570 spinei,
1155 2496 1345 2563 hodie,
1375 2512 1436 2552 ut
1479 2497 1749 2559 diximus,
1784 2499 1923 2569 capo

889 2578 1088 2631 Franco
1103 2617 1120 2643 ,
1148 2579 1488 2651 reperiuntur
1526 2579 1715 2634 insula·
1738 2578 1917 2644 Petro,

889 2657 1000 2710 sive
1040 2658 1171 2710 Psili
1184 2696 1203 2724 ,
1255 2660 1464 2712 Hevroeo
1484 2697 1501 2725 ,
1531 2659 1685 2712 Plato
1699 2699 1715 2726 ,
1746 2661 1923 2712 Pente-

890 2738 1038 2791 Nisae'a
1056 2779 1072 2803 ,
1111 2737 1352 2790 Fmeeera
1367 2777 1384 2805 ,
1410 2739 1635 2792 Lavotua
1651 2777 1669 2803 ,
1702 2758 1794 2792 seu
1820 2739 1920 2792 Pe·

892 2819 1082 2870 viscaria
1105 2837 1127 2879 ,-
1160 2817 1308 2891 quod
1351 2830 1528 2872 autem
1573 2819 1765 2892 cuique
1797 2821 1925 2873 ussi-

890 2896 1164 2970 gnandum
1189 2898 1257 2951 sit
1282 2910 1434 2952 vetus
1463 2916 1662 2951 nomen
1700 2900 1922 2953 omnino

889 2976 1158 3031 incertum
1184 2989 1264 3031 est
1279 3015 1295 3045 ‚
1330 2978 1575 3048 quamvis
1594 2979 1924 3033 Pente-Nida

891 3057 1145 3127 Craugias
1164 3077 1274 3111 esse
1286 3057 1430 3111 dicat
1442 3059 1689 3126 Lunaet
1696 3059 1927 3130 Lavoura·

889 3136 1158 3190 Eleusam.
1181 3137 1288 3190 En.

974 3218 1065 3271 60.
1103 3217 1366 3270 ·Dendms.
1391 3251 1406 3265 .
1431 3251 1446 3265 .
1499 3217 1670 3289 Aspis.
1710 3219 1924 3272 Rectius

2008 2277 2287 2330 perperam
2313 2257 2440 2311 libri
2469 2258 2674 2329 vulgati
2698 2258 2919 2328 AEgh'a.
2950 2258 3055 2311 Ne-

2010 2356 2116 2409 que
2161 2339 2277 2410 ipse
2316 2338 2620 2409 Stephanus
2666 2337 2813 2391 forte
2850 2338 3055 2391 mendo

2008 2431 2177 2482 curet,
2201 2418 2297 2490 qui
2315 2418 2455 2471 hanc
2484 2418 2711 2471 insulam
2738 2420 3057 2490 aequemus,

2008 2516 2111 2569 pro
2152 2500 2401 2569 Αἰγίλιιοιν
2448 2512 2640 2553 vocet:
2677 2517 2811 2551 nam
2856 2498 2935 2551 de
2960 2500 3065 2552 hae

2009 2591 2189 2634 nostra
2236 2597 2361 2632 eum
2396 2597 2553 2650 agere
2576 2619 2591 2642 ‚
2630 2578 2719 2632 vel
2757 2578 2889 2651 ipso
2920 2582 3029 2634 situ
3044 2620 3061 2646 ‚

2009 2657 2156 2730 quod
2168 2659 2461 2731 suspicatus
2481 2671 2559 2712 est
2576 2659 2739 2712 etiam
2764 2659 3065 2724 Barbarus,

2010 2739 2134 2792 satis
2157 2737 2515 2792 admonemur
2528 2777 2543 2802 ,
2562 2757 2733 2810 quum
2758 2740 2913 2792 inter
2932 2741 3065 2795 Cre-

2010 2830 2118 2871 tum
2143 2832 2197 2872 et
2221 2819 2649 2890 Peloponnesum
2678 2822 2867 2891 jacere
2892 2819 3065 2882 diat,

2010 2917 2121 2970 quo
2140 2899 2247 2952 situ
2272 2909 2350 2952 est
2373 2899 2550 2970 AEgila
2569 2899 2687 2953 hoec
2708 2917 2745 2952 a
2772 2899 3069 2953 Phalasar·
3183 2913 3184 2920 ’

2008 2997 2078 3031 na
2120 2979 2294 3032 Cretae
2330 2976 2531 3031 distans
2570 2997 2677 3032 xxv
2718 2979 2873 3032 min.
2928 3001 3067 3050 pass.

2009 3059 2295 3130 Αἰγιάλεια,
2318 3057 2523 3130 inquit,
2539 3065 2686 3120 νῆσος
2704 3061 2919 3130 μεταξὺ
2933 3065 3073 3132 xpi.-

2010 3159 2097 3200 της
2129 3141 2213 3192 καὶ
2236 3138 2608 3195 Πιλοποννήσου
2635 3160 2649 3174 ·
2678 3141 2701 3192 ὁ
2738 3140 2971 3212 οἰκήτωρ
2992 3144 3075 3194 Ai-

2007 3219 2157 3290 γίλιος
2166 3257 2177 3270 .
2198 3219 2334 3283 Qum
2354 3236 2459 3272 vox
2472 3231 2749 3290 postrema
2762 3219 2981 3274 suadet
2992 3223 3077 3274 Δῖ-

889 3294 1128 3350 fortassis
1166 3297 1425 3351 Adendms
1440 3337 1456 3363 ,
1478 3297 1715 3351 litterula
1747 3316 1814 3352 ex
1838 3317 1926 3351 su·

888 3375 1102 3447 periore
1133 3377 1392 3430 vocabulo
1409 3377 1656 3448 repetitu.
1644 3395 1657 3408 ·
1668 3378 1925 3450 quoniam

889 3454 1346 3527 quemadmodum
1387 3475 1512 3523 mox
1553 3457 1711 3511 citata
1738 3458 1923 3530 Aspis,

891 3547 1021 3589 teste
1045 3536 1346 3632 Stephano,
1371 3548 1572 3592 careret
1598 3537 1918 3590 arboribus.

887 3606 1085 3680 Ᾰσπὶς,
1103 3619 1246 3678 νῆσος
1280 3611 1585 3688 ἄδενδρος
1536 3636 1679 3670 ουσα-
1708 3619 1921 3688 InReg.

893 3713 957 3758 1,
985 3695 1247 3749 Adendros
1286 3696 1497 3776 legitur.
1527 3697 1712 3750 Hsnn.
1730 3697 1923 3750 -sic

2006 3305 2124 3370 γιλοι
2145 3299 2321 3368 prius‚
2350 3298 2437 3353 vel
2465 3299 2667 3370 Αἰγίλια.
2691 3300 2873 3352 scribi
2904 3319 3077 3372 open·-

2008 3379 2188 3432 tuisse.
2216 3376 2524 3438 Herodoto,
2559 3380 2759 3444 Erato,
2798 3380 2917 3432 lib.
2955 3383 3079 3441 VI.

2008 3475 2128 3530 pag.
2153 3459 2286 3519 366,
2307 3474 2461 3510 num.
2489 3475 2585 3528 97,
2607 3459 2861 3529 Αιγιλιη
2880 3461 3085 3514 velfi-

2008 3541 2194 3610 γίλεια,
2236 3539 2445 3590 variant
2482 3539 2631 3590 enim
2682 3539 2767 3592 ibi
2824 3539 3083 3594 codices.

2010 3616 2188 3671 Hodie
2213 3616 2483 3687 Cerigotto.
2498 3619 2688 3672 Ηιιιι.
2702 3651 2787 3662 --
2810 3619 3087 3674 Chifflet

2010 3697 2296 3766 AEgae'alum.
2328 3698 2436 3750 En.

2080 3778 2207 3830 XX.
2230 3799 2247 3830 ι
2260 3817 2274 3831 .
2294 3778 2462 3831 Creta.
2478 3778 2640 3832 Nunc
2656 3777 3097 3833 Candc‘e.Bno·r.

2087 3877 2139 3910 3.
2172 3857 2373 3910 Centum
2396 3858 2601 3910 urbium.
2622 3859 2783 3912 Maro
2804 3898 2826 3923 ‚
2840 3859 3101 3914 AEneid.

1957 3936 2098 3990 lib.
2121 3937 2204 3989 111
2222 3976 2238 4002 ‚
2258 3955 2395 3992 vers.
2428 3941 2565 3992 106:
2596 3938 2897 3993 «Centum
2916 3941 3109 3993 urbe-s

887 3773 1030 3828 dicta
1056 3774 1299 3842 videtur,
1323 3759 1481 3847 quod
1519 3787 1650 3828 esset
1684 3776 1800 3829 sine
1828 3794 1914 3828 ιιι·-

885 3855 1126 3913 horibus.
1146 3856 1307 3909 Nunc
1331 3857 1632 3908 Pentenesia.
1662 3857 1833 3909 Bnor.

967 3938 1000 3989 6
1013 3951 1062 3987 1.
1091 3935 1287 3989 Coecioe.
1307 3935 1492 3990 chiffl.
1515 3937 1748 3988 Aea-cicc.
1768 3936 1872 3988 En.

967 4018 1059 4067 63.
1086 4014 1400 4068 Methurides.
1422 4017 1549 4068 Vet·
1572 4013 1715 4086 apud
1738 4016 1913 4068 Dalec.
2002 4017 2244 4070 habitant
2266 4035 2539 4089 magnus.»
2574 4020 2643 4071 Et
2658 4019 2985 4086 Horatius,
3000 4021 3109 4074 lib.

885 4095 1170 4150 Eclecto-ides.
1229 4095 1506 4170 §tephano
1568 4095 1913 4149 Methuriades.
2006 4097 2121 4161 111,
2148 4095 2253 4150 ode
2284 4116 2355 4167 37
2380 4117 2393 4151 :
2421 4099 2699 4152 «Centum
2738 4101 2963 4171 tetigit
2996 4119 3113 4172 po-

885 4174 1126 4238 Quarum
1139 4213 1154 4240 ‚
1173 4187 1232 4228 ut
1262 4174 1480 4247 quidem
1504 4174 1916 4246 videtur,maxi-
2003 4189 2203 4230 tentem
2224 4176 2459 4248 Oppidis
2476 4178 2692 4232 Creten.
2712 4205 2739 4226 ι
2760 4180 2935 4234 Beni
2956 4183 3119 4234 Tro·
