3300 5175
753 559 902 622 212

1219 621 1242 648 ‚
1279 549 1356 617 c.
1413 547 1757 616 PL1N11
1812 546 2037 616 NAT.
2094 549 2346 618 msT.

751 683 918 754 mari
949 679 1180 750 eadem
1203 665 1444 749 Phocis
1472 692 1541 747 et
1561 679 1833 765 Locris,
1862 679 2095 766 Doris,
2116 677 2482 763 Phthiotis,
2514 677 2894 763 Thessalia,

750 787 1090 883 Magnesia
1108 840 1128 873 ,
1139 784 1538 854 Macedonia
1557 838 1576 871 ‚
1592 785 1901 854 Thracia.
1924 786 2160 854 Omnis
2173 787 2448 855 Graeciae
2468 782 2855 855 fabulositas
2868 829 2892 871 ·‚

752 898 920 965 sicut
955 907 1026 962 et
1068 891 1434 961 litterarum
1473 888 1793 974 claritas„
1815 914 1903 959 ex
1933 891 2065 960 hoc
2099 891 2389 985 primum
2426 892 2573 959 sinu
2609 889 2890 960 effulsit.

753 1004 1183 1096 Quapropter
1209 999 1279 1067 in
1315 1023 1395 1067 eo
1429 994 1769 1092 paululum
1795 996 2378 1068 commorabimur.

855 1105 1129 1202 Epiros⁷
1171 1107 1240 1175 in
1281 1106 1663 1173 universum
1706 1103 2062 1198 appellata,
2104 1095 2607 1173 Acrocerauniis
2652 1102 2893 1198 incipit

751 1213 1106 1283 montibus.
1144 1215 1228 1281 In
1263 1234 1341 1279 ea
1375 1210 1570 1304 primi
1599 1208 1909 1280 Chaones
1924 1197 1971 1294 ⁸,
2000 1233 2039 1278 a
2074 1209 2313 1304 quibus
2342 1208 2647 1278 Chaonia
2675 1208 2880 1278 :dein

749 1319 1104 1414 Thesproti
1127 1316 1178 1404 ⁹,
1215 1313 1760 1410 Antigonenses¹⁰
1802 1341 1817 1384 :
1856 1313 2039 1385 locus
2074 1315 2337 1386 Aornos
2358 1313 2431 1402 ¹¹,
2466 1329 2533 1384 et
2576 1315 2891 1411 pestifera

834 1631 887 1696 7.
903 1625 1101 1696 Epiros.
1123 1623 1250 1676 Haec
1267 1621 1560 1675 Martianus
1581 1618 1772 1674 iisdem

749 1706 926 1772 verbis
963 1704 1082 1768 loeo
1115 1703 1297 1756 citato.
1328 1699 1504 1754 Hodie
1537 1699 1775 1771 Sangam

749 1787 810 1838 de
827 1785 1032 1848 laniem,
1047 1783 1108 1834 de
1127 1782 1352 1846 Dehinc,
1374 1781 1434 1832 de
1455 1780 1719 1834 Chamouri
1728 1793 1778 1834 et

753 1856 1014 1918 Vavodilik
1032 1901 1048 1927 ,
1087 1881 1180 1915 seu
1210 1861 1526 1932 Principaute'
1549 1861 1742 1912 d‘Arta
1760 1899 1778 1927 ,

673 2009 684 2016 ι
749 1959 813 1999 ut
833 1963 930 1998 nos
948 1941 1125 2007 docet,
1151 1953 1283 1994 tom.
1310 1941 1339 1992 1
1356 1979 1371 2005 ,
1393 1958 1512 2012 pag.
1537 1946 1630 2005 ²4,
1653 1957 1778 1993 eru-

750 2023 1040 2078 ditissimus
1061 2020 1144 2073 vir
1166 2020 1567 2081 Pouqunvms
1585 2058 1602 2084 ,
1627 2021 1780 2089 cnjus

751 2103 1020 2176 egregium
1035 2117 1199 2172 opus,
1217 2100 1304 2153 cui
1317 2100 1504 2153 titulus
1521 2111 1598 2152 est
1617 2099 1784 2171 Voya-

748 2204 812 2255 ge
845 2203 904 2236 en
938 2181 1126 2245 Gracc,
1154 2179 1326 2234 multa
1355 2197 1522 2250 usque
1544 2176 1614 2231 ad
1633 2178 1781 2232 hunc

752 2263 894 2317 diem
939 2261 1024 2315 vel
1070 2259 1388 2314 doctissimis
1429 2257 1558 2310 viris
1599 2257 1780 2328 ignota

753 2357 914 2414 atque
956 2340 1174 2412 penitus
1213 2335 1516 2392 abscondita
1549 2336 1608 2390 in
1642 2337 1782 2390 vivi-

752 2421 888 2476 dum
923 2420 1105 2473 lumen
1135 2419 1376 2490 protulit.
1417 2416 1644 2470 Minime
1677 2417 1781 2470 mi-

753 2515 877 2556 rum
907 2517 1037 2570 ergo
1059 2497 1250 2552 lectori
1263 2495 1555 2558 videbitur,
1579 2495 1624 2549 si
1640 2513 1781 2567 saepe

753 2581 948 2653 sapius
977 2597 1076 2632 nos
1104 2576 1248 2631 hunc
1272 2589 1380 2631 tam
1400 2575 1571 2629 fidum
1593 2587 1779 2631 testem

755 2663 1083 2723 invocemus,
1117 2669 1225 2709 tam
1253 2670 1456 2710 'certum
1489 2654 1681 2708 ducem
1698 2674 1781 2709 se·-

758 2740 856 2813 qui
919 2757 1030 2791 non
1100 2734 1424 2789 dubitemus.
1480 2734 1779 2788 Plurimum

757 2820 886 2873 item
903 2816 1062 2871 nohis
1083 2813 1326 2887 proderit
1358 2814 1414 2867 in
1437 2812 1783 2887 dispellendis

758 2916 877 2971 qum
903 2896 1222 2953 incumbunt
1247 2894 1414 2949 veteri
1440 2894 1663 2949 Graeciae
1708 2907 1781 2947 te·

756 2978 971 3043 nebris,
1016 2973 1404 3031 accuratissima
1434 2986 1487 3027 et
1521 2974 1782 3027 excellens

757 3076 958 3131 mappa
970 3095 988 3123 ,
1005 3070 1166 3129 quam
1187 3074 1364 3127 nuper
1373 3052 1544 3107 edidit
1555 3054 1783 3127 inclytus

757 3138 844 3191 vir
875 3138 920 3190 le
949 3136 1185 3189 claudier
1215 3136 1415 3200 Lar-12,
1444 3134 1584 3187 inter
1610 3134 1784 3205 regios

757 3216 1092 3289 geographos
1115 3214 1382 3287 princeps.
1405 3214 1587 3267 Hsan.
1603 3227 1659 3267 et
1676 3214 1781 3267 En.

844 3298 899 3351 8.
930 3296 1166 3349 Chaones.
1189 3295 1378 3355 ,ἳάθνες
1405 3292 1782 3359 Strab0ni,lib.

761 3376 893 3438 v11,
922 3393 1041 3445 pag.
1077 3373 1212 3427 323.
1243 3374 1354 3425 Hos
1388 3374 1462 3427 ait
1484 3373 1653 3443 Epiro
1685 3373 1783 3425 toti

761 3454 998 3526 primum
1027 3452 1354 3525 imperitasse
1373 3492 1390 3517 ,
1431 3449 1625 3506 deinde
1662 3452 1783 3503 Μο-

761 3534 942 3586 lossos.
1003 3530 1288 3585 Chaonum
1354 3532 1460 3585 fnit
1511 3530 1783 3585 castellum

763 3612 1033 3675 Chimera,
1054 3610 1111 3663 in
1139 3610 1572 3675 Acrocerauniis,
1589 3607 1781 3680 dequo

762 3712 888 3746 mox
914 3688 1140 3745 dicetur.
1164 3688 1344 3743 Hnm.
1377 3720 1459 3731 --
1474 3686 1650 3743 Hodie
1671 3708 1785 3740 can·

764 3786 870 3823 tons
893 3771 954 3825 ds
983 3768 1206 3823 Chimera
1221 3806 1238 3833 ,
1259 3770 1483 3838 lupam-ie
1497 3807 1516 3835 ,
1540 3768 1783 3833 Arbor-ie,

763 3851 1082 3903 Paracatoma
1109 3862 1162 3902 et
1183 3845 1428 3913 Philam,
1456 3860 1516 3901 ut
1546 3848 1620 3900 ait
1637 3847 1785 3901 Pou-

763 3948 1069 3995 thvrm,
1113 3941 1246 3982 tom.
1281 3929 1340 3991 1,
1374 3924 1786 3994 Introduction,

764 4031 882 4082 pag.
911 4028 1054 4065 xxxv.
1077 4010 1185 4063 En.

839 4112 892 4159 9.
917 4090 1187 4158 Thesproti.
1204 4086 1494 4159 Θισπρωτοὶ
1513 4086 1784 4151 Straboni,

759 4188 812 4242 p.
846 4170 977 4234 324.
1009 4168 1219 4223 Horum
1257 4162 1525 4239 oppidum
1558 4162 1787 4221 Buthro-

1862 1635 1998 1688 tum,
2030 1620 2101 1675 de
2121 1641 2231 1694 quo
2257 1622 2452 1675 statim.
2476 1618 2654 1674 Hann.
2680 1619 2893 1674 -ἑ-Ηοὸ

1863 1701 1953 1756 die
1986 1701 2335 1774 Pannychio,
2370 1714 2591 1756 auctore
2627 1701 2895 1764 Pomona·-

1864 1800 2055 1847 nm,
2078 1781 2200 1834 loco
2222 1781 2312 1834 cit.
2334 1781 2437 1834 En.

1952 1881 2035 1915 10.
2089 1862 2458 1931 Antigonen-ses.
2512 1861 2596 1912 Ab
2644 1859 2851 1932 oppido
2870 1900 2891 1926 ,

1866 1943 2015 2012 cujus
2035 1940 2280 1993 meminit
2293 1940 2613 1994 Ptolemaeus
2628 1971 2643 2004 ,
2656 1939 2749 1994 lib.
2775 1935 2885 2003 111,

1866 2039 1984 2093 cap.
2015 2026 2104 2085 14,
2128 2019 2185 2072 in
2201 2020 2455 2075 Chaoniae
2468 2017 2892 2085 mediterraneo,

1866 2091 2171 2172 Ᾰντιγόνιια..
2194 2099 2493 2171 Stephanus
2509 2117 2726 2170 quoque
2751 2118 2765 2152 ι
2790 2091 2895 2153 Lv-

1866 2181 2083 2251 τιγόνιια.
2101 2216 2120 2243 ,
2152 2181 2290 2241 nolte
2314 2181 2532 2240 laevia-c
2572 2181 2619 2232 ἐν
2652 2167 2851 2250 fist-siffis
2874 2197 2893 2232 τ

1869 2273 1925 2313 et
1947 2260 2137 2332 Polyb.
2156 2259 2230 2324 11,
2266 2277 2389 2330 pag.
2430 2257 2555 2312 130.
2594 2257 2775 2311 limo.
2804 2291 2891 2302 --

1870 2337 2148 2411 Oppidum
2174 2339 2277 2391 hoe
2304 2350 2357 2391 et
2382 2338 2558 2392 fauces
2578 2338 2895 2409 Antigoni-s

1869 2416 2033 2474 dictas
2046 2437 2113 2472 st.
2130 2417 2371 2491 passibus
2397 2436 2428 2471 a
2458 2417 2695 2484 Tebelen,
2728 2419 2895 2472 meri·

1870 2497 2012 2553 diem
2068 2507 2251 2552 'versus
2298 2515 2353 2550 se
2408 2496 2663 2569 reperisse
2706 2509 2891 2569 putat,

1868 2577 2014 2633 haud
2052 2577 2346 2643 immerito,
2390 2590 2451 2631 ut
2478 2576 2708 2644 videtur,
2736 2575 2892 2631 erud.

1871 2660 2267 2720 Pon'ouxvms
2290 2696 2308 2724 ,
2350 2676 2444 2729 op.
2490 2657 2581 2711 cit.
2620 2669 2753 2712 tom.
2798 2658 2855 2710 11
2872 2695 2889 2715 2

1870 2738 1968 2794 lib.
1992 2740 2097 2804 lv,
2126 2756 2243 2809 cap.
2273 2758 2321 2799 ι)
2356 2757 2413 2809 p.
2432 2756 2467 2807 7
2500 2750 2554 2790 et
2583 2740 2637 2791 8.
2662 2736 2769 2790 En.

1958 2837 1981 2871 1
2000 2838 2045 2873 ι.
2068 2818 2220 2871 Locus
2234 2817 2443 2870 Aornos.
2466 2816 2764 2871 Familiaris
2780 2816 2893 2869 1³11-

1872 2898 1967 2952 nio
1992 2897 2192 2951 locutio
2222 2909 2319 2963 est,
2342 2909 2403 2950 ut
2430 2897 2584 2949 locam
2604 2908 2779 2961 vocet,
2796 2895 2895 2949 ubi

1870 2975 2064 3049 oppidi
2101 2977 2300 3031 veteris
2340 2976 2537 3043 ruina,
2576 2994 2637 3029 ac
2677 2976 2897 3047 vestigia

1869 3057 2151 3129 supersint.
2172 3056 2466 3190 Stephanus
2496 3054 2685 3127 oppidi
2712 3056 2897 3109 memi-

1868 3137 1972 3202 nit,
1996 3156 2116 3209 pag.
2146 3155 2235 3206 90,
2292 3137 2613 3205 apscessi-0735.
2641 3132 2706 3187 Id
2728 3154 2895 3207 porro

1868 3216 1976 3269 loci
2016 3234 2247 3279 nomen,
2290 3215 2545 3286 quoniam
2584 3226 2785 3269 tetrum
2820 3214 2896 3267 ob

1871 3295 2097 3349 halitum
2134 3306 2341 3349 careret
2376 3294 2595 3357 avibus,
2628 3310 2693 3347 ex
2730 3313 2789 3348 re
2822 3295 2902 3348 fa·

1870 3388 2031 3429 mum.
2080 3375 2170 3429 sio
2193 3374 2455 3445 Vis-gilius
2496 3370 2565 3425 de
2604 3374 2893 3427 Cumarum

1872 3454 2154 3526 spelunca,
2182 3456 2306 3507 AEn.
2334 3454 2426 3506 lib.
2452 3454 2555 3519 vl,
2573 3471 2709 3506 vers.
2738 3454 2847 3521 239
2877 3472 2895 3508 τ

1876 3560 1899 3581 ι
1930 3535 2107 3599 Quam
2132 3550 2293 3604 super
2317 3530 2464 3585 haud
2490 3532 2614 3586 uuae
2644 3544 2897 3603 poterant

1870 3612 2093 3685 impune
2110 3612 2347 3667 volentes
2363 3610 2607 3665 Tendere
2638 3612 2741 3665 iter
2764 3630 2897 3683 pen·

1870 3693 1953 3746 nis
1974 3710 1991 3745 τ
2022 3692 2141 3747 talis
2166 3710 2277 3745 sese
2302 3692 2501 3745 balitus
2541 3690 2670 3745 atris
2710 3690 2897 3749 Faucia

1870 3772 1971 3825 bus
2006 3770 2285 3826 effundens
2322 3789 2516 3842 supera
2552 3769 2621 3823 ad
2662 3788 2897 3825 convexa

1869 3852 2109 3905 ferebat:
2150 3848 2310 3904 Unde
2338 3852 2518 3905 locum
2560 3850 2711 3904 Graii
2746 3847 2899 3903 dixe·

1870 3942 1999 3984 runt
2028 3931 2242 3985 nomine
2265 3932 2505 3985 on-non.
2534 3956 2557 3977 ι·
2602 3930 2787 3983 Han.
2814 3962 2897 3974 —-

1872 4010 2121 4067 Pluribus
2153 4022 2329 4065 sutem
2356 4009 2489 4063 locis
2522 4026 2721 4065 nomen
2750 4008 2897 4063 istud

1874 4090 2113 4143 indixere
2136 4090 2335 4155 Greci,
2358 4102 2587 4161 quorum
2614 4088 2899 4147 celebertia

1874 4188 1993 4224 mus
2018 4170 2073 4222 in
2091 4170 2409 4241 Thesprotia
2434 4168 2553 4223 suit.
2574 4169 2681 4237 En.
