3300 5175
1158 467 1469 538 LIBER
1516 470 1672 537 111.

2315 475 2457 574 173

340 607 881 700 vocitata‚quum
914 589 1220 697 princeps
1244 597 1588 668 Etruriae¹¹
1609 615 1817 670 esset:
1846 600 2181 674 Brixillum
2213 603 2284 693 ¹²,
2301 609 2456 678 Mu·

342 715 483 783 tina
504 700 550 738 ¹³
569 767 589 800 ,
649 714 914 791 Parma,
956 707 1301 777 Placentia.
1368 705 1633 798 Oppida
1680 732 1695 774 ε
1740 708 2010 778 Caesena
2024 696 2072 742 ¹⁴
2109 711 2455 804 Claterna,
2494 739 2521 783 2

344 823 594 888 Forum
612 803 657 842 ¹⁵
696 816 943 902 Clodii,
983 815 1154 884 Livii
1168 797 1217 837 ¹⁶
1238 866 1258 898 ,
1308 809 1544 904 Popilii
1564 809 1609 850 ¹⁷
1629 863 1649 896 ,
1693 815 2202 886 Truentinorum
2225 873 2243 906 ,
2287 823 2457 891 Cor-

344 925 502 994 nelii
518 911 566 949 ¹⁸
604 951 619 992 :
664 923 1007 992 Faventini
1027 918 1105 1004 ¹⁹,
1144 911 1493 1004 Fidentini,
1535 918 1891 1005 Otesini²⁰,
1925 921 2299 1014 Padinate5‚
2335 929 2454 996 Re·

343 1073 672 1131 Palazuolo,
712 1080 926 1122 auctore
959 1068 1259 1120 Mannerto.
1287 1063 1353 1116 11.

344 1160 398 1202 et
416 1150 499 1202 En
508 1152 837 1204 .—-Bonom'a.
852 1149 1013 1211 Mela,
1028 1147 1121 1199 lib.
1137 1146 1215 1209 11,
1237 1164 1286 1198 c.
1300 1152 1352 1210 4:

344 1254 373 1274 α
390 1223 596 1282 Mutina
622 1239 671 1281 et
679 1229 921 1283 Bononia
938 1225 1156 1280 coloniae
1170 1227 1356 1278 Roma-

344 1325 561 1361 norum.
577 1333 604 1354 a·
628 1310 674 1360 A
691 1307 885 1380 quibus
908 1305 1131 1360 deducta
1148 1303 1357 1358 colonia

345 1387 508 1440 fuerit
528 1386 745 1441 diversis
771 1385 1097 1458 temporibus
1112 1423 1128 1450 ,
1154 1383 1357 1454 colligit

347 1463 657 1525 Cluverius,
698 1465 819 1518 Ital.
858 1465 950 1518 lib.
989 1465 1044 1524 1,
1080 1480 1197 1535 pag.
1237 1462 1357 1514 283.

345 1543 500 1598 Adde
521 1545 747 1600 Dionem
765 1581 781 1608 ,
802 1545 890 1597 lib.
904 1545 975 1606 L,
994 1562 1112 1614 pag.
1139 1548 1260 1606 4²2-
1277 1544 1357 1594 De

346 1628 555 1676 Felsinoe
598 1624 910 1696 cognomine
952 1621 1320 1676 Pseudo-Cato
1336 1659 1353 1686 ,

344 1703 707 1775 inExcerptis,
734 1722 851 1776 pag.
877 1703 991 1756 135.
1009 1699 1184 1754 Hodie
1206 1705 1357 1753 Bolo-

343 1802 453 1851 gna
476 1783 688 1837 dicitur.
717 1784 877 1836 Ham>
904 1794 957 1835 et
976 1785 1082 1836 En.

424 1878 505 1915 rr.
549 1865 767 1915 Etruriae.
809 1862 983 1915 Rebus
1022 1860 1357 1915 Thur-corum

345 1929 680 2005 florentibus,
698 1960 861 2014 quum
883 1942 1120 1996 universa
1143 1957 1359 2013 quoque

346 2020 501 2074 Italia
530 2025 791 2087 Tyrrhenia
825 2032 1237 2093 nuncuparetur.
1260 2021 1331 2072 Η.

433 2119 517 2155 12.
552 2105 820 2154 Brixillum.
857 2102 1089 2154 Malebat
1119 2100 1351 2153 Pintian.

348 2182 587 2233 Brixello.
620 2181 721 2234 Vel
752 2179 991 2252 Βρίξιλλον
1009 2221 1024 2245 ,
1047 2193 1109 2235 ut
1132 2178 1355 2235 Ptolem.

347 2258 440 2313 lib.
464 2260 579 2323 111,
604 2279 722 2332 cap.
752 2279 775 2313 1
793 2299 810 2320 ‚
854 2262 911 2313 in
934 2262 1109 2316 Gallia
1135 2263 1354 2333 Togata.

346 2339 501 2392 Nunc
524 2344 733 2392 Bresello
748 2381 764 2406 ,
782 2339 849 2394 ad
869 2340 1106 2409 Padum,
1120 2343 1178 2396 in
1194 2342 1357 2396 limite

342 2417 568 2472 ducatus
586 2419 883 2474 Mantuani.
899 2421 1076 2474 Ham).

420 2499 499 2551 13.
528 2501 731 2552 Mutina.
754 2499 935 2554 Chiffl.
967 2505 1155 2552 Mutina
1176 2507 1355 2554 Parva.

344 2575 503 2630 Nunc
535 2582 767 2631 Modena.
793 2580 1012 2635 Colonia
1040 2581 1190 2635 Livio
1209 2618 1224 2644 ‚
1260 2581 1352 2635 lib.

346 2655 607 2721 XXXIX,
628 2678 673 2711 c.
696 2659 761 2712 55
777 2697 795 2724 ,
816 2670 868 2712 et
885 2661 1076 2713 Parma
1103 2680 1317 2733 quoque
1338 2678 1354 2714 z

348 2734 417 2788 de
448 2754 552 2806 qua
580 2739 840 2809 speciatim
860 2739 1003 2812 apud
1037 2739 1248 2792 Gruter.
1278 2741 1355 2792 in·

348 2814 589 2886 scriptio,
617 2836 735 2887 pag.
762 2826 860 2887 49²
878 2859 893 2884 ‚
916 2821 1046 2873 Cot..
1077 2819 1195 2872 Ivr..
1224 2821 1355 2874 Avo.
1382 2834 1401 2843 “

348 2894 529 2947 Pan.
569 2895 884 2949 Placentiam
929 2898 1191 2951 coloniam
1245 2917 1357 2952 esse

346 2972 539 3027 factam
574 2974 701 3025 belli
736 2975 951 3027 secundi
1000 2975 1181 3031 Punici
1219 2996 1357 3029 anno

349 3052 549 3122 primo,
602 3052 780 3105 scribit
807 3053 995 3105 Ancon.
1031 3052 1249 3106 Pedian.
1287 3052 1358 3106 ad

349 3141 477 3183 orat.
497 3130 610 3185 Cic.
636 3131 691 3183 in
714 3131 887 3183 Pison.
918 3149 1039 3203 pag.
1070 3151 1117 3184 a.
1152 3134 1357 3187 Nomen

349 3220 521 3262 servat
541 3216 724 3261 Parma
744 3232 763 3261 .·
779 3211 1039 3264 Placentia
1063 3212 1245 3267 incolis
1263 3213 1362 3266 ho-

348 3286 434 3340 die
458 3292 701 3341 Piacenza
718 3290 927 3343 dicitur.
954 3291 1022 3343 Η.
1045 3303 1098 3344 et
1120 3292 1220 3344 En.

424 3385 447 3419 1
456 3375 505 3432 4.
541 3370 753 3421 Coesena.
768 3370 925 3423 Nunc
938 3388 1152 3441 quoque
1166 3375 1361 3434 Caena,

352 3434 422 3490 ad
448 3454 658 3490 amnem
685 3443 846 3493 Sao-io.
874 3442 1178 3495 claternam
1198 3460 1364 3514 prope

352 3516 666 3580 Bononiam,
684 3516 757 3571 ad
778 3518 956 3573 vicum
982 3525 1254 3587 Quadenna
1272 3522 1363 3592 qui

352 3614 543 3649 nomen
588 3600 699 3668 ejus
737 3599 1135 3671 quodammodo
1181 3621 1365 3674 repro-

356 3687 549 3738 tentat,
575 3680 684 3749 jam
719 3689 832 3730 tum
860 3681 930 3733 D.
966 3682 1227 3735 Ambrosii
1254 3700 1365 3736 mo

354 3754 409 3807 in
431 3754 601 3809 ruinis
620 3758 845 3821 iacuisse
859 3797 875 3823 ,
895 3757 1025 3812 vidit
1049 3760 1284 3815 Holsten.
1312 3760 1365 3813 in

357 3834 471 3887 Ital.
493 3853 611 3907 pag.
638 3844 719 3900 14.
743 3836 903 3890 Hnn
924 3849 977 3890 et
991 3838 1096 3891 En.

432 3914 516 3967 15.
563 3922 759 3969 Forum.
804 3916 953 3982 Quid
986 3917 1121 3970 Fora
1163 3931 1335 3971 essent
1351 3956 1367 3979 ,

362 3992 740 4067 diximusgcap.
771 3994 819 4049 ⁵.
854 3996 1052 4048 Forum
1081 4014 1243 4067 porro
1260 4034 1275 4060 ,
1304 4015 1373 4050 ne

362 4074 599 4128 turbetur
634 4076 795 4131 serien
827 4076 1203 4130 elementorum
1218 4114 1234 4141 ,
1271 4077 1377 4130 sin-

1443 1063 1725 1134 gillatimin
1734 1065 1817 1120 his
1833 1067 2453 1140 omnibmrepetendum:

1443 1156 1502 1196 ut
1526 1145 1594 1198 sit
1621 1146 1817 1200 Forum
1843 1146 2016 1200 Clodii
2031 1187 2046 1210 ,
2070 1149 2262 1204 Forum
2291 1153 2453 1223 Livii,

1440 1225 1639 1278 Forum
1659 1224 1876 1298 Popilii,
1901 1227 1981 1280 vel
2011 1229 2227 1300 Populi:
2254 1230 2453 1286 Forum

1441 1305 1884 1368 Truentinorum,
1943 1307 2139 1361 Forum
2202 1310 2452 1365 Cornelii.

1440 1383 1622 1437 Ham).
1646 1375 1716 1425 —2
1737 1385 1930 1438 Forum
1961 1385 2134 1441 Clodii
2161 1389 2319 1444 hodie
2340 1397 2454 1443 For·

1441 1465 1647 1514 noe-chia
1674 1482 1786 1518 esse
1812 1465 1885 1518 ait
1905 1468 2226 1522 n’Anvum..
2253 1470 2362 1524 En.

1516 1545 1599 1594 16.
1623 1545 1774 1610 Livii,
1794 1556 1893 1596 etc.
1909 1546 2076 1607 Livii,
2097 1547 2238 1619 apud
2259 1551 2450 1605 Anton-

1440 1620 1580 1673 male
1600 1623 1718 1672 1ulii
1733 1642 1753 1674 .·
1773 1641 1914 1676 nunc
1931 1628 2090 1689 Fora,
2103 1627 2156 1678 in
2175 1629 2453 1684 Romaniu-

1439 1701 1509 1754 la.
1550 1701 1771 1774 Popilii,
1809 1717 2038 1774 quatuor
2067 1725 2098 1760 a
2133 1707 2270 1761 Foro
2305 1712 2451 1766 sulio

1441 1780 1574 1834 mill.
1618 1801 1754 1850 pass.
1793 1786 2131 1853 Forle'mpopoli
2172 1807 2192 1838 .·
2230 1790 2448 1861 sepina,

1434 1861 1896 1934 ‚noretpieeolosteu
1917 1863 2112 1916 Forum
2125 1866 2160 1918 J
2161 1866 2255 1920 ulii
2277 1869 2452 1924 minua

1438 1940 1740 1993 vocitatum.
1769 1941 2183 1998 'I'mentinorum
2197 1985 2213 2010 ,
2248 1946 2304 1999 in
2345 1960 2449 2002 vet.

1438 2016 1673 2090 inscript.
1709 2018 1852 2090 apud
1902 2021 2114 2075 Gruter.
2153 2043 2271 2098 pag.
2311 2033 2411 2096 49²
2428 2067 2445 2089 ,

1436 2097 1819 2152 Fonounvm.
1835 2099 2006 2154 Hodie
2018 2106 2287 2165 Ber-einero,
2308 2104 2452 2158 hand

1434 2175 1625 2248 procul
1646 2177 2102 2235 Arimino.,Huu>.

1514 2275 1593 2326 ¹7·
1614 2259 1798 2323 Popilii.
1817 2255 1936 2309 Vet.
1960 2276 2050 2329 ap.
2078 2258 2197 2312 Dal.
2213 2264 2447 2330 Pompilii.

1516 2337 1598 2388 18.
1609 2338 1840 2388 Cornelii.
1861 2336 2104 2392 Hocloco
2121 2338 2244 2391 libri
2253 2341 2451 2414 vulgati

1444 2418 1656 2468 cornelia·
1670 2455 1688 2478 ,
1753 2420 1956 2468 Lancim·
2004 2419 2112 2471 fere
2166 2419 2416 2474 exhibent
2437 2460 2454 2484 ‚

1442 2492 1619 2548 Chiffl.
1652 2498 1886 2556 Cornelii,
1921 2500 2097 2550 Licinii
2116 2519 2136 2550 .·
2155 2499 2247 2553 sed
2273 2511 2452 2572 poste·

1438 2575 1633 2627 riorem
1660 2592 1873 2640 vocem,
1893 2594 2062 2647 quum
2089 2596 2187 2632 nec
2211 2579 2307 2633 ulli
2334 2598 2451 2634 eam

1440 2652 1586 2706 MSS.
1604 2651 1819 2706 codices·
1833 2669 2118 2725 agnoscant
2137 2694 2152 2719 ‚
2179 2676 2280 2712 nec
2305 2660 2454 2732 oppi-
2549 2707 2555 2711 .

1440 2730 1513 2785 do
1540 2732 1639 2784 ulli
1675 2750 1738 2785 eo
1764 2733 1980 2787 nomine
2013 2736 2454 2809 Geographorum

1440 2810 1719 2883 quisquam
1754 2810 2046 2881 adjudicet,
2081 2814 2456 2888 intrepide'in-
2491 2812 2498 2818 ’

1439 2889 1705 2943 duximus.
1731 2894 1812 2945 De
1849 2892 1988 2945 Foro
2023 2893 2285 2957 Cornelii,
2311 2894 2457 2965 quod

1440 2968 1599 3021 hodie
1626 2974 1784 3021 Imola
1802 2983 1904 3033 est,
1933 2982 1993 3023 ut
2015 2984 2158 3024 recte
2181 2973 2456 3029 Cluverius

1440 3048 1626 3118 probat
1643 3082 1660 3110 ‚
1687 3048 1779 3099 lib.
1801 3050 1828 3098 1
1845 3086 1860 3111 ‚
1879 3066 2005 3121 pag.
2038 3067 2163 3117 290,
2191 3051 2312 3104 vide
2329 3053 2458 3105 Pru-

1443 3124 1678 3179 dentium
1703 3126 1812 3197 πιρὶ
1841 3129 2103 3196 στιφάνων,
2126 3130 2327 3202 Hymn.
2348 3132 2453 3194 lx,

1447 3206 1503 3257 in
1538 3204 1593 3258 S.
1638 3204 1950 3258 Cassianum
1989 3227 2006 3258 ε
2041 3232 2064 3253 ι
2084 3209 2228 3261 Sulla
2261 3211 2457 3265 Forum

1447 3283 1629 3337 statuit
1650 3282 1927 3335 Cornelius
1956 3304 1969 3335 ε
2002 3282 2103 3337 hoc
2128 3286 2248 3339 Itali
2273 3293 2458 3343 urbem
2541 3270 2548 3291 ’

1447 3360 1682 3416 vocitant
1713 3362 1781 3414 ab
1817 3362 1932 3432 ipso
1971 3362 2255 3420 conditoris
2290 3368 2461 3421 nomi-

1450 3460 1535 3495 ne.
1560 3464 1584 3485 n
1612 3440 1792 3493 Ham).
1813 3453 1864 3494 et
1889 3441 1991 3495 En.
2343 3462 2350 3465 ·

1527 3539 1608 3589 19.
1640 3523 1910 3573 Faventini.
1938 3526 2164 3589 Faenza,
2197 3524 2250 3577 in
2277 3528 2463 3579 Roma·

1450 3600 1607 3653 niola.
1628 3599 1888 3653 Fidentini
1909 3637 1924 3664 ,
1941 3619 1970 3652 a
1991 3600 2226 3655 Fidentia
2244 3642 2259 3666 ,
2275 3604 2345 3657 de
2362 3624 2466 3679 qua

1452 3678 1674 3731 Ptolem.
1699 3677 1792 3731 lib.
1811 3679 1897 3730 111
1916 3717 1933 3744 ,
1962 3698 2080 3751 cap.
2111 3700 2158 3747 1,
2183 3682 2242 3734 in
2265 3683 2468 3755 Togata

1441 3758 1656 3811 Gallia:
1678 3756 1772 3810 ubi
1802 3775 1945 3809 nunc
1960 3762 2116 3825 Romu
2143 3763 2199 3811 di
2216 3766 2268 3811 S.
2289 3760 2471 3814 Do‘nni·

1458 3856 1537 3898 no,
1558 3838 1696 3889 ultra
1715 3835 2033 3889 Cremonam
2047 3874 2063 3901 ,
2082 3838 2404 3911 Padumque,
2415 3840 2473 3897 in

1458 3916 1623 3969 limite
1667 3916 1881 3969 ditionis
1927 3916 2332 3971 Mediolanensia
2346 3957 2362 3979 ,
2415 3932 2475 3971 nt

1462 4009 1609 4049 recte
1623 3997 1833 4051 Cluver.
1849 3994 2046 4050 indicat
2066 3998 2100 4050 l.
2120 3998 2147 4049 Ι
2159 4038 2173 4063 ,
2186 4016 2237 4068 p.
2255 3998 2375 4052 268.
2410 4000 2477 4052 Η.

1536 4094 1621 4129 ao.
1644 4078 1847 4129 omini.
1874 4076 2042 4129 Vetus
2069 4075 2307 4147 inscript.
2331 4076 2474 4149 apud
