3300 5175
1194 547 1505 614 LIBER
1558 547 1708 613 ΙΙΙ.

382 705 470 775 ga
480 677 566 764 ¹⁰,
634 673 1015 748 Acerrani'¹
1036 729 1055 760 ‚
1116 674 1445 804 Allifani¹'
1464 729 1485 762 ,
1541 660 1911 744 Atinates¹³
1934 727 1954 758 ,
2017 673 2410 744 Aletrinates

2076 7 2091 17 '-
2127 7 2425 22 r-—q-v--Fv

2413 542 2512 638 93

2435 663 2515 764 ⁴7

386 769 784 880 Anagnini¹⁵
805 836 825 869 ,
891 766 1245 850 Atellani¹⁶
1266 835 1287 866 ‚
1288 779 1620 851 Affilani
1640 779 1725 864 ¹⁷,
1791 767 2202 874 Arpinates*
2220 834 2240 865 ,
2306 783 2516 850 Auxi-

382 906 591 960 mates
610 889 657 928 ¹⁹
678 885 1103 974 ‚Avellani²⁰
1114 941 1135 975 ‚
1182 885 1555 958 Alfaterni²¹
1607 913 1623 954 :
1668 884 1794 956 et²²

469 1115 553 1150 ιο.
587 1097 725 1149 Alba
757 1097 919 1166 longa.
952 1095 1077 1148 Solo
1128 1108 1327 1169 aquata
1375 1114 1408 1149 a

382 1177 638 1232 Romanis
654 1217 669 1243 ,
682 1175 827 1229 Tulli
847 1175 1059 1228 Hostilii
1082 1176 1406 1247 principatu.

392 1257 614 1328 Dionys.
653 1257 747 1310 lib.
773 1257 830 1319 1,
864 1273 982 1327 pag.
1037 1255 1129 1309 53.
1167 1257 1249 1307 Ex
1292 1257 1409 1327 ejus

390 1335 677 1390 ruderibus
707 1333 969 1407 oppidum
997 1335 1279 1388 excitatum
1320 1336 1409 1389 cui

384 1435 595 1470 nomem
621 1427 771 1468 vetus
798 1413 997 1467 Albano
1030 1429 1138 1479 est,
1182 1432 1265 1466 ιιι
1300 1417 1409 1468 fere

388 1514 451 1548 ι.
480 1513 614 1566 pass.
642 1496 709 1547 ab
736 1495 867 1548 urbe
890 1497 1077 1548 Roma.
1102 1494 1284 1548 Ham).

474 1593 565 1628 11.
609 1576 864 1627 Acerrani.
906 1575 991 1627 Ab
1024 1574 1259 1638 Acerris,
1311 1592 1410 1646 op-

386 1654 520 1726 pido
542 1653 609 1707 ad
624 1655 898 1706 Liternum
919 1671 1127 1706 amnem
1145 1692 1160 1719 ,
1177 1672 1269 1707 seu
1286 1653 1408 1706 Cla-

387 1735 568 1800 nium,
606 1732 772 1788 hodie
805 1734 1015 1788 Acerra.
1047 1735 1127 1786 De
1166 1733 1251 1786 his
1281 1733 1410 1786 Vir·

388 1814 575 1886 gilius,
614 1814 807 1885 Georg.
836 1814 930 1867 lib.
972 1815 1053 1880 11,
1090 1831 1225 1866 vers.
1266 1813 1407 1869 225:

398 1919 421 1942 ι
438 1895 622 1948 Talem
642 1891 789 1946 dives
810 1906 923 1946 arat
936 1893 1143 1966 Capua,
1167 1903 1219 1944 et
1237 1893 1411 1945 vicina

392 1975 613 2027 Vesuvo
643 1973 753 2024 Ora
789 1975 951 2044 jugo,
977 1986 1029 2025 et
1068 1972 1247 2026 vacuis
1288 1973 1412 2026 Cla-

392 2053 517 2106 nius
560 2071 672 2105 non
716 2067 895 2122 aequus
934 2051 1163 2104 Acerris.
1192 2075 1216 2096 n
1269 2050 1413 2104 Vide

395 2131 635 2186 Servium
682 2132 739 2184 in
781 2149 903 2184 eum
951 2131 1145 2183 locum.
1177 2129 1312 2183 Sunt
1360 2142 1414 2183 et

396 2213 606 2266 Acerras
640 2211 780 2271 alim
828 2210 897 2263 de
933 2211 1127 2281 quibus
1175 2208 1416 2262 dicemus

396 2309 511 2362 cap.
546 2309 631 2360 19.
662 2291 846 2343 Hann.

486 2371 838 2438 12.A!ltsani.
881 2369 1161 2442 Oppidum
1206 2369 1416 2424 Strabo·

395 2451 484 2514 ni,
506 2451 599 2502 lib.
616 2451 687 2513 V,
714 2469 831 2522 pag.
862 2450 994 2512 238,
1014 2441 1210 2520 Ᾰλιφαί.
1232 2449 1414 2514 Livio,

394 2530 489 2583 lib.
519 2529 631 2595 lx,
670 2548 784 2601 cap.
814 2535 907 2594 42,
940 2530 1161 2597 Allc'soe:
1200 2529 1411 2592 incola,

396 2609 583 2664 eodem
606 2628 723 2680 cap.
742 2610 994 2676 Allesates.
1012 2609 1289 2673 Frontina,
1320 2609 1414 2663 lib.

399 2687 465 2742 de
506 2690 697 2743 Colon.
736 2707 853 2760 pag.
898 2688 967 2742 83
988 2727 1004 2753 ‚
1044 2690 1221 2755 Allise.
1259 2689 1417 2742 Nunc

398 2768 682 2822 ruderibus
716 2786 911 2821 nomen
946 2781 1027 2821 est
1061 2767 1213 2837 Aust,
1247 2786 1416 2839 prope

403 2850 661 2903 Vulturni
678 2848 867 2919 ripam.
906 2846 1087 2900 Hum-

493 2928 580 2981 13.
613 2930 858 2982 Atinates.
899 2919 1057 2981 Ᾰτινα
1094 2925 1412 2987 Ριοὶειιιωο,

402 3008 497 3061 lib.
538 3007 651 3069 111,
689 3024 804 3077 cap.
847 3024 869 3059 1
898 3046 915 3074 ,
952 3024 1123 3078 prope
1148 3004 1418 3072 Fidenas,

402 3086 459 3139 in
502 3085 717 3157 oppidis
749 3086 1057 3140 Latinorum
1106 3084 1417 3139 mediterra-

402 3167 551 3220 neis:
578 3184 723 3219 nunc
746 3167 895 3219 vicus
919 3165 1109 3230 Atina,
1143 3184 1173 3217 a
1200 3165 1418 3219 Cassino

406 3264 461 3298 ιν
494 3264 561 3299 ι.
590 3264 731 3317 passe
752 3246 810 3299 in
854 3244 1117 3299 radicibus
1147 3246 1416 3317 Apennini

405 3327 619 3380 montis.
654 3323 838 3378 Ηιιιιι.

490 3412 579 3469 ι4.
597 3405 914 3460 Aletrinates.
940 3403 1257 3459 Alatrinates
1288 3404 1420 3457 Her-

402 3484 509 3537 nici
533 3485 765 3538 nominis
792 3486 1018 3557 populos
1041 3496 1195 3537 vocat
1220 3484 1419 3549 Livius,

402 3564 495 3617 liv.
524 3566 632 3629 IX,
659 3583 774 3635 cap.
813 3565 899 3627 43.
926 3566 1084 3617 Nunc
1110 3563 1312 3629 Alatri,
1336 3563 1418 3615 in·

404 3656 485 3697 ter
498 3646 817 3715 Anagniam,
832 3656 883 3696 et
904 3644 1110 3697 Soram.
1132 3642 1419 3710 Frontino,

402 3724 497 3777 lib.
522 3722 589 3777 de
612 3723 800 3778 colon.
829 3742 948 3795 pag.
968 3730 1057 3787 82,
1084 3724 1330 3775 Alata-um.
1350 3723 1417 3776 H.

490 3804 579 3857 15.
637 3804 913 3873 Anagnini.
986 3804 1137 3854 Dives
1169 3804 1422 3873 Anagnt‘a

404 3882 615 3936 Maroni
656 3882 885 3947 dicitur,
912 3900 1055 3935 nunc
1090 3885 1324 3953 Anagnt',
1366 3884 1423 3935 in

405 3962 721 4034 Campania,
744 3975 803 4015 ut
829 3974 1042 4026 vocant,
1073 3964 1330 4017 Romana.
1355 3962 1425 4016 H.

493 4046 585 4095 16.
616 4043 851 4096 Atellam.
897 4028 1093 4094 Arma
1131 4041 1425 4135 Straboni,

406 4121 501 4177 lib.
528 4123 613 4187 V,
652 4141 771 4195 pag.
820 4128 949 4190 ²49·
990 4122 1056 4173 In
1095 4123 1209 4193 ejus
1252 4121 1425 4175 minis

406 4220 553 4255 nnnc
570 4214 647 4255 est
668 4200 723 4255 S.
748 4200 1095 4273 Arpino,sive
1112 4200 1169 4254 S.
1188 4201 1421 4273 Alpe'deo,

1857 887 1970 981 qui
2025 911 2105 954 ex
2147 911 2310 982 agro
2379 891 2517 957 La-

1496 1093 1709 1148 duobus
1731 1093 1864 1147 mill.
1889 1113 2024 1165 pass.
2042 1095 2111 1146 ab
2131 1095 2342 1148 Aversa.
2359 1097 2522 1150 Aver-

1496 1193 1652 1228 sanus
1690 1174 2013 1245 Episcopus,
2042 1175 2201 1228 etiam
2240 1187 2292 1228 et
2324 1177 2519 1229 Atella-

1494 1255 1597 1307 nus
1642 1255 1801 1319 olim,
1831 1265 1882 1306 et
1919 1253 2190 1307 Cumanus
2227 1251 2517 1310 dicebatur.

1503 1334 1742 1387 Holsten.
1771 1333 1951 1386 Hann.

1586 1430 1674 1483 17.
1691 1411 1928 1482 Affilam’.
1963 1414 2048 1466 Ab
2077 1411 2315 1485 oppido,
2341 1415 2516 1486 Affile.

1496 1525 1577 1536 —-
1599 1495 1664 1544 In
1683 1493 1839 1546 MSS.
1855 1493 2085 1560 Asulani.
2107 1494 2172 1545 In
2194 1492 2321 1566 edit.
2343 1495 2517 1550 Parm-

1508 1565 1774 1640 V'efidam',
1797 1589 2117 1664 perperam:
2149 1573 2386 1644 exigente
2411 1575 2520 1628 ele-

1498 1665 1801 1705 mentorum
1819 1651 1983 1717 serie,
2009 1665 2070 1705 ut
2089 1653 2158 1704 ab
2176 1673 2207 1704 a
2224 1654 2391 1724 gentis
2408 1657 2522 1726 ejus

1498 1750 1698 1784 nomen
1729 1732 1964 1803 incipiat.
1996 1731 2291 1785 Frobenius
2309 1772 2324 1798 ,
2350 1746 2403 1787 et
2428 1735 2520 1788 alii

1496 1825 1617 1883 post
1654 1829 1808 1872 eum,
1841 1813 2069 1864 Asulam'.
2115 1812 2227 1865 Nos
2263 1811 2519 1882 Affilani:

1498 1890 1647 1962 quod
1671 1889 1815 1961 apud
1837 1891 2158 1944 Frontinum
2179 1891 2390 1963 legitur,
2417 1893 2516 1946 lib.

1498 1971 1790 2022 LXXXIII.
1806 2009 1823 2036 ,
1842 1969 2000 2040 Affile
2017 1971 2239 2042 oppidum
2263 1972 2367 2042 lege
2382 1973 2519 2026 Sem·-

1494 2055 1687 2120 prom'a.
1708 2051 1776 2102 H.
1807 2082 1886 2094 —
1913 2052 2038 2103 Vet.
2067 2069 2152 2121 ap.
2183 2050 2360 2105 Dalec.
2388 2055 2520 2105 Asu-

1501 2132 1617 2182 lam’.
1646 2130 1724 2182 Ut
1757 2147 1953 2184 nomen
1971 2168 1988 2195 ,
2021 2129 2096 2184 ita
2130 2129 2258 2184 situs
2287 2131 2519 2186 incertus

1501 2221 1595 2262 est.
1626 2211 1730 2262 En.

1588 2291 1677 2344 18.
1698 2290 1980 2362 Arpinates.
2004 2291 2265 2362 Arpinum
2283 2328 2300 2353 ,
2345 2291 2518 2344 natale

1502 2368 1775 2422 Ciceronis
1791 2369 2204 2440 solum.Arpino‚
2225 2370 2356 2432 mill.
2379 2389 2513 2442 pass.

1502 2467 1562 2500 tx
1594 2467 1625 2501 a
1646 2461 1828 2502 monte
1849 2448 2085 2503 Cassino.
2101 2449 2279 2502 Hsnn.

1598 2547 1688 2598 19.
1728 2528 2030 2581 Auximates.
2067 2529 2192 2581 Vet.
2227 2525 2372 2602 apud
2415 2531 2520 2582 Da·

1501 2609 1600 2661 lec.
1634 2610 1942 2661 Auximum.
1995 2609 2203 2662 Horum
2247 2609 2378 2663 situs
2425 2607 2518 2663 ad-

1492 2688 1615 2741 -huc
1629 2689 1900 2741 obscurus.
1913 2688 2053 2740 Cave
2068 2689 2212 2741 enim
2228 2706 2349 2741 cum
2361 2689 2524 2741 Auxi-

1504 2768 1736 2820 matibus
1755 2766 1871 2819 aliis
1887 2765 2212 2831 confundas,
2235 2766 2303 2820 de
2325 2769 2523 2841 quibus

1504 2846 1561 2899 in
1603 2847 1788 2919 quinta
1821 2846 1986 2900 Italiae
2028 2849 2242 2919 regione
2285 2846 2521 2900 dicemus

1498 2926 1762 2991 inferius,
1792 2944 1907 2997 cap.
1947 2930 2030 2982 18.
2055 2928 2156 2980 En.

1591 3026 1677 3060 ao.
1711 3005 1957 3059 Avellam'.
1994 3006 2116 3059 Vet.
2164 3005 2306 3077 apud
2338 3007 2520 3060 Dalec.

1506 3084 1793 3138 Aureliani.
1858 3077 1902 3139 Ᾰ
1917 3084 1949 3137 G
1971 3087 1996 3137 ί
2013 3092 2046 3137 λ
2064 3094 2097 3139 λ
2119 3107 2154 3139 α.
2217 3086 2469 3140 Straboni
2505 3125 2522 3151 ,

1505 3164 1601 3218 lib.
1618 3166 1693 3231 V,
1720 3182 1838 3235 pag.
1880 3172 2022 3235 249,
2052 3178 2106 3217 et
2137 3184 2282 3219 nunc
2300 3166 2482 3219 Avella
2501 3203 2516 3224 .

1502 3244 1653 3298 haud
1676 3246 1833 3313 longe
1855 3262 1886 3296 a
1911 3243 2066 3297 Nola.
2095 3246 2200 3297 En.

1590 3342 1682 3377 ιι,
1725 3323 1997 3390 Alfaterni.
2050 3326 2098 3375 A
2127 3324 2353 3378 Nuceria
2382 3326 2525 3379 Alsa·

1507 3416 1654 3456 terna
1676 3443 1691 3469 ‚
1724 3400 1792 3455 de
1816 3421 1922 3474 qua
1945 3404 2209 3474 superius,
2243 3404 2300 3457 hi
2327 3424 2526 3459 nomen

1507 3483 1724 3536 habent.
1781 3484 2045 3556 Νουκερίαν
2100 3484 2188 3540 τὴν
2245 3477 2524 3556 Alpem-(pm

1509 3575 1662 3615 vocat
1701 3560 1996 3623 Diodorus,
2036 3562 2131 3616 lib.
2178 3564 2342 3627 XIX,
2387 3564 2526 3618 Bibl.

1506 3662 1624 3715 pag.
1658 3659 1803 3712 7073
1831 3642 1960 3696 situs
1985 3628 2284 3714 ignoratur:
2305 3644 2486 3698 Ham).
2567 3678 2578 3687 ·

1595 3742 1683 3776 aa.
1721 3723 1798 3773 Et
1841 3728 1924 3791 qm·
1963 3744 2026 3774 es.-
2069 3742 2208 3791 agro.
2242 3723 2529 3790 Alfaterni,

1510 3816 1569 3856 ut
1592 3815 1828 3855 servetur
1845 3802 2086 3855 locorum
2110 3822 2209 3874 per
2237 3804 2530 3856 litterarum

1513 3880 1975 3952 seriem'digestiO,
2007 3883 2063 3935 in
2082 3884 2314 3949 Latinis,
2339 3884 2530 3936 Herni-

1512 3964 1617 4026 cis,
1663 3962 2041 4034 Labicanisque
2077 3975 2202 4015 sunt
2241 3960 2532 4035 repetendi.

1512 4040 1788 4096 Δαδικανσὶ
1833 4043 2055 4115 Dionys.
2096 4042 2270 4095 Balio.
2311 4042 2404 4095 lib.
2449 4044 2534 4107 V,

1512 4140 1630 4194 pag.
1657 4122 1768 4175 326
1786 4160 1800 4183 ,
1823 4122 2004 4175 Livius
2023 4122 2248 4175 Labicos
2263 4163 2277 4188 ,
2309 4140 2400 4175 seu
2435 4122 2538 4175 La·

1512 4203 1660 4255 vicos
1693 4214 1746 4255 et
1772 4202 2027 4257 Lavicum
2055 4203 2244 4255 urbem
2266 4202 2533 4263 nominat.
