3300 5175
880 523 1019 596 162
1400 521 1477 588 C.
1530 517 1872 590 PLINII
1926 520 2144 590 NAT.
2201 521 2455 590 HIST.

866 637 1065 726 Nax-⁵³
1098 653 1309 722 amnis
1333 641 1636 721 exhaurit
1650 637 1702 683 ⁵⁴
1719 651 1865 722 illos
1887 647 2258 746 sulphureis
2273 637 2322 678 ⁵⁵
2351 652 2556 746 aquis.
2583 639 2876 722 Tiberim
2899 674 2984 722 ex

868 762 968 830 his
1008 773 1239 854 petens
1274 757 1515 852 replet,
1566 783 1604 827 e
1663 771 1890 827 monte
1929 755 2203 827 Fiscello
2221 743 2270 782 ⁵⁶
2310 758 2570 846 labenS,
2607 757 2799 850 juxta
2850 759 2981 828 Va·-

867 889 1054 938 cunae
1068 851 1117 905 ⁵⁷
1170 887 1445 933 nemora
1482 879 1550 932 et
1595 867 1802 932 Reate
1835 865 1900 932 in
1930 863 2197 933 eosdem
2242 864 2564 934 conditus.
2603 867 2690 934 At
2729 885 2811 933 ex
2853 863 2988 934 alia

864 985 1054 1068 parte
1088 955 1317 1040 Anio⁵⁸
1336 1025 1355 1058 ,
1394 972 1463 1038 in
1498 984 1725 1040 monte
1767 971 2223 1038 Trebanorum
2265 985 2450 1046 ortus
2473 1025 2494 1057 ‚
2546 968 2728 1040 lacus
2770 983 2906 1040 tres
2929 957 2984 1008 ⁵⁹

868 1079 1247 1147 amoenitate
1284 1075 1565 1162 nobileS‚
1595 1079 1710 1170 qui
1742 1100 1985 1145 nomen
2007 1075 2246 1146 dedere
2277 1074 2652 1172 Sublaqueo
2668 1061 2744 1162 ⁶⁰,
2766 1075 2988 1146 defert

862 1187 933 1252 in
963 1184 1281 1252 Tiberim.
1323 1184 1405 1250 In
1438 1202 1599 1276 agro
1626 1181 1906 1251 Reatino
1943 1181 2202 1260 Cutiliae
2219 1168 2268 1206 ⁶¹
2300 1181 2515 1251 laeum
2537 1235 2557 1267 ‚
2595 1171 2666 1250 in
2691 1202 2825 1276 quo
2847 1183 2984 1251 fln-

864 1304 1047 1358 ctuet
1077 1288 1310 1374 insula,
1338 1287 1543 1358 Italiae
1558 1287 1947 1357 umbilicum
1965 1311 2108 1357 esse
2134 1291 2232 1356 M.
2256 1273 2534 1358 Varro⁶’
2549 1287 2768 1357 tradit.
2795 1287 2984 1356 Infra

866 1395 1143 1464 Sabinos
1187 1395 1449 1463 Latium
1478 1409 1610 1478 est,
1644 1417 1684 1462 a
1724 1393 1926 1463 latere
1961 1394 2310 1479 Picenum,
2354 1418 2395 1462 a
2433 1407 2623 1524 ῑειὲἕο
2663 1393 2983 1479 Umbria,

864 1502 1191 1594 Apennini
1220 1501 1397 1594 jugis
1435 1499 1714 1568 Sabinos
1741 1501 2071 1593 utrimque
2099 1498 2496 1570 vallantibus
2564 1553 2581 1568 .

970 1595 1227 1674 XVIII.
1260 1606 1509 1694 Quinta
1552 1608 1734 1699 regio
1767 1603 2022 1675 Piceni¹
2055 1621 2184 1692 est,
2217 1603 2590 1700 quondam²
2633 1605 2984 1676 uberrimae

861 1768 941 1820 Ex
962 1767 1047 1820 his
1066 1766 1313 1829 collibus,
1328 1785 1436 1818 uuo
1452 1765 1701 1820 interciso
1727 1765 1878 1818 emis-

863 1865 952 1898 sus
987 1847 1039 1898 in
1068 1845 1261 1899 Narem
1294 1843 1516 1897 fluvium
1539 1843 1762 1896 Velinus
1801 1845 1875 1899 la-

864 1943 974 1977 cus.
996 1924 1167 1976 Cicer.
1192 1921 1281 1976 lib.
1308 1923 1405 1988 IV,
1429 1921 1495 1975 ad
1511 1921 1663 1974 Attic.
1680 1941 1761 1993 ep.
1783 1929 1872 1986 115:

864 2003 1091 2056 «Reatini
1118 2001 1277 2054 mead
1300 2021 1391 2054 sua
1405 2003 1562 2071 τέμπη
1584 1995 1873 2065 duxerunt,

862 2095 921 2134 ut
938 2100 1145 2153 agerem
1166 2093 1349 2134 contra
1366 2081 1750 2132 Interamnates
1769 2083 1880 2147 (co-

862 2159 1112 2231 gnomine
1138 2159 1367 2225 Nartes),
1388 2155 1532 2229 quod
1553 2157 1704 2209 lacus
1728 2155 1877 2209 veli-

865 2258 965 2291 nus
1004 2259 1035 2291 a
1060 2239 1124 2289 L.
1154 2237 1317 2290 Curio
1343 2237 1598 2301 emissus,
1626 2235 1878 2288 interciso

864 2330 1041 2369 monte
1071 2317 1123 2369 in
1154 2314 1265 2369 Nar
1291 2313 1510 2370 defluit:
1551 2333 1614 2367 ex
1659 2333 1768 2385 quo
1799 2313 1888 2366 est

860 2396 953 2448 illa
982 2396 1199 2459 siccata,
1242 2406 1292 2446 et
1320 2393 1524 2447 modice
1562 2392 1740 2447 ta'men
1772 2393 1876 2446 hu·

863 2471 997 2525 mida
1017 2475 1229 2525 Rosea.»
1249 2471 1421 2524 Ham).

934 2551 1016 2605 53.
1070 2557 1182 2603 Nar
1219 2555 1395 2602 amnis.
1429 2549 1587 2604 Nunc
1623 2555 1795 2603 Nem.-
1823 2551 1876 2605 in

860 2630 1095 2683 Tiberim
1125 2628 1322 2682 influit.
1348 2628 1457 2681 En.

933 2708 1017 2773 54.
1033 2704 1282 2761 Exhauiie
1304 2712 1431 2760 illos.
1453 2708 1619 2773 Lacus
1638 2724 1875 2761 corrum-

860 2788 965 2859 pit,
986 2788 1041 2840 in
1066 2804 1197 2859 quos
1224 2784 1486 2840 conditur.
1512 2786 1696 2840 Han.

934 2864 1020 2921 55.
1049 2870 1341 2935 Sulphureis.
1370 2868 1405 2919 S
1444 2877 1577 2919 ectat
1610 2886 1675 2919 eo
1697 2866 1875 2939 virgi-

860 2947 983 3011 lius,
1002 2944 1413 2999 AEneid.1ih.vl
1445 2964 1551 3008 ‚vm
1578 2944 1680 3015 517
1698 2944 1877 2999 :usul-

858 3028 1061 3099 phurea
1078 3024 1190 3079 Nar
1216 3026 1367 3079 albus
1397 3044 1533 3097 aqua
1556 3041 1571 3077 ε
1602 3024 1876 3098 fontesque

858 3104 1052 3159 Velini.
1071 3132 1097 3150 »-
1118 3104 1297 3159 Hann.

932 3186 1020 3238 56.
1039 3187 1258 3236 Fiscello.
1279 3177 1439 3236 Silius
1465 3180 1584 3236 Ital.
1600 3178 1692 3235 lib.
1711 3182 1874 3237 VIII:

860 3289 885 3308 α
904 3264 1058 3327 Quae,
1086 3262 1333 3326 Fiscelle,
1366 3273 1479 3314 tuas
1518 3280 1688 3323 arces,
1718 3274 1816 3315 etc.
1848 3287 1871 3308 ι

862 3342 1018 3395 Nunc
1062 3361 1272 3415 quoque
1323 3348 1489 3393 Moneo
1539 3344 1772 3402 fiscello,
1819 3342 1876 3394 in

862 3418 1097 3473 cousinio
1125 3420 1333 3472 Abrutii
1359 3412 1648 3481 ulterioris,
1691 3419 1756 3472 ad
1790 3438 1878 3493 op—

862 3498 1045 3569 pidum
1072 3500 1226 3549 Civita
1259 3503 1424 3552 Beale.
1458 3496 1638 3550 Hum.

937 3578 1019 3647 57.
1049 3584 1288 3629 Vacunoe.
1333 3578 1395 3628 In
1442 3588 1621 3629 monte
1658 3574 1878 3629 Fiscello

862 3656 986 3707 Deae
1010 3656 1239 3707 Vacunae
1264 3670 1657 3727 nemus,quam
1683 3674 1878 3709 vacan-

860 3734 1002 3787 tibus
1048 3746 1097 3786 et
1135 3733 1318 3786 otiosis
1356 3752 1577 3805 praeesse
1614 3732 1878 3787 dicebant.

862 3812 942 3865 De
960 3831 1022 3866 ea
1044 3812 1201 3864 ovid.
1222 3813 1362 3866 Fast.
1386 3811 1581 3877 lib.v1,
1601 3832 1652 3865 v.
1684 3812 1877 3882 307.n.

931 3893 1017 3947 58.
1048 3894 1196 3943 Anio.
1221 3892 1379 3944 Nunc
1407 3897 1662 3943 Tevemne.
1691 3890 1873 3943 Oritur

851 3972 1003 4040 juxta
1021 3968 1275 4042 oppidum
1316 3968 1461 4040 quod
1493 3967 1656 4040 'sp-rica
1676 3966 1872 4021 dicitur

854 4048 1128 4101 Ptolemaeo
1152 4089 1167 4114 ,
1189 4050 1247 4101 in
1275 4048 1427 4101 Latio
1444 4084 1461 4111 ‚
1485 4046 1577 4099 lib.
1598 4044 1686 4099 111
1704 4085 1719 4110 ,
1743 4066 1861 4119 cap.

857 4145 910 4187 ις
941 4146 1082 4181 nunc
1108 4127 1165 4179 in
1188 4126 1478 4199 Campania
1516 4128 1781 4192 Romana,
1805 4140 1866 4180 ut

1959 1779 2174 1838 meant,
2203 1768 2344 1819 Tem'
2363 1769 2447 1821 vel
2479 1770 2644 1834 Τηνί,
2671 1778 2732 1820 ut
2753 1765 2983 1820 diximus

1963 1843 2014 1896 in
2039 1845 2212 1915 prima
2235 1847 2470 1917 regione.
2490 1845 2672 1898 Ham.

2034 1925 2117 1991 59.
2147 1929 2280 1976 Tres.
2297 1923 2408 1976 Elz.
2433 1928 2583 1977 Treis.
2605 1921 2837 1998 Legebat
2862 1923 2978 1977 Dal.

1961 2021 2024 2054 ex
2050 2015 2152 2056 vet.
2197 2002 2319 2057 Tris.
2349 2001 2454 2056 En.

2033 2083 2135 2133 60..
2153 2085 2444 2150 Sublaqueo.
2467 2073 2615 2135 villa
2627 2083 2677 2136 Ν
2678 2081 2874 2147 eronis,
2893 2083 2980 2135 cui

1961 2160 2318 2233 Sublaqueum
2345 2181 2541 2216 nomen
2567 2173 2672 2229 est,
2691 2161 2864 2234 inquit
2879 2159 2978 2214 Ta-

1963 2239 2050 2294 cit.
2071 2242 2254 2294 Annal.
2283 2241 2372 2294 lib.
2399 2239 2551 2308 XIV,
2568 2261 2681 2314 cap.
2712 2262 2797 2295 υ.
2819 2239 2980 2312 oppi-

1963 2317 2092 2370 dum
2123 2318 2221 2372 fuit
2257 2321 2417 2374 etiam
2449 2333 2573 2374 ante
2611 2319 2834 2374 Nemnis
2860 2331 2982 2372 tem·

1959 2415 2096 2468 pora
2112 2431 2134 2458 1.
2157 2397 2241 2469 cuj
2249 2416 2306 2449 us
2333 2397 2457 2451 villa
2486 2399 2822 2454 Sublacensis
2843 2398 2980 2452 dicta

1965 2487 2040 2528 est
2063 2476 2128 2527 ab
2145 2473 2372 2547 oppidoz
2392 2477 2646 2549 oppidum
2676 2479 2818 2531 enim
2835 2481 2981 2550 juxta

1961 2551 2108 2607 lacus
2135 2555 2388 2626 positum,
2424 2553 2568 2610 unde
2586 2573 2780 2609 nomen
2810 2574 2826 2609 :
2855 2555 2978 2609 vina

1963 2632 2016 2685 in
2035 2631 2254 2686 editiore
2279 2627 2398 2687 loco
2421 2652 2435 2687 ε
2455 2652 2600 2688 nunc
2617 2637 2882 2702 Subiaquo,
2910 2632 2980 2687 ad

1955 2711 2238 2781 Anienem.
2257 2710 2433 2764 Ham).

2034 2794 2114 2842 61.
2151 2790 2353 2841 Cutilia.
2373 2786 2604 2844 chifflet.
2637 2790 2861 2843 Cutinioe.
2878 2788 2977 2844 En.

1962 2901 2032 2911 -—
2071 2868 2221 2921 Nunc
2264 2874 2405 2937 Lago
2441 2870 2496 2921 di
2525 2869 2838 2939 Contigliano
2861 2908 2878 2934 ‚
2915 2868 2981 2922 ab

1961 2942 2155 3021 oppido
2183 2948 2374 3001 vicino.
2413 2950 2493 3001 De
2523 2948 2708 3002 insulis
2727 2946 2981 3001 Cutilien-

1967 3026 2104 3079 sium
2143 3027 2290 3079 lacus
2331 3027 2492 3079 multa
2522 3024 2862 3087 Macrobius,
2891 3024 2980 3079 Sa·

1964 3116 2110 3156 turn.
2132 3102 2222 3158 lib.
2251 3104 2293 3167 Ῑ,
2329 3124 2374 3158 c.
2401 3124 2450 3175 7.
2475 3101 2763 3158 Fluitanteu
2785 3105 2980 3158 Seneca

1961 3180 2157 3237 vidisse
2188 3203 2242 3236 se
2285 3194 2528 3248 testatur,
2547 3192 2607 3234 ut
2635 3180 2867 3236 diximus
2887 3180 2977 3235 lib.

1961 3260 2055 3327 Π,
2087 3280 2201 3334 cap.
2248 3266 2332 3331 96.
2373 3260 2614 3314 Meminit
2651 3274 2706 3315 et
2753 3260 2974 3334 Dionys.

1961 3336 2133 3395 Halic.
2157 3339 2245 3395 lib.
2267 3341 2311 3401 1,
2343 3359 2457 3412 pag.
2493 3337 2572 3393 15.
2595 3338 2778 3393 Han.

2034 3422 2118 3473 62.
2137 3426 2207 3471 M.
2237 3422 2410 3471 Varro.
2439 3420 2508 3471 Et
2533 3415 2863 3481 Martianus,
2887 3416 2978 3470 lib.

1958 3495 2068 3567 vl,
2087 3518 2205 3571 cap.
2224 3496 2292 3551 de
2320 3498 2444 3551 Ital.
2473 3516 2592 3569 pag.
2623 3496 2741 3551 205.
2767 3494 2942 3549 Han.
2967 3490 2980 3503 ’

2033 3578 2117 3631 63.
2147 3576 2602 3629 stillantibus-Vet-
2626 3572 2774 3647 apud
2797 3576 2968 3629 Doloc-

1963 3658 2252 3707 velante'bus.
2287 3652 2391 3705 En.

2035 3727 2240 3787 XVIII.
2258 3751 2302 3785 1.
2320 3736 2486 3785 Piceni
2493 3771 2506 3786 .
2519 3732 2674 3787 Nune
2695 3730 2972 3787 Abrutinrn

1965 3804 2182 3865 ulterius
2220 3810 2434 3877 dicitur,
2469 3826 2594 3863 eum
2629 3822 2782 3882 parte
2804 3810 2972 3883 aliqua

1959 3887 2238 3955 Max-chia,
2269 3902 2330 3943 ut
2354 3900 2541 3945 vocant
2563 3928 2580 3953 ,
2600 3890 2972 3943 Anconitanae:

1957 3966 2051 4023 secl
2076 3988 2177 4042 qua
2207 3970 2340 4023 mari
2358 3970 2466 4023 sere
2501 3979 2795 4041 utrumque
2827 3966 2975 4021 allui-

1955 4062 2057 4102 tur.
2079 4048 2264 4103 Hum-

2028 4148 2076 4179 α.
2090 4130 2208 4189 Est,
2240 4148 2290 4195 q.
2310 4124 2562 4180 Ch1ffl.ec
2575 4128 2846 4195 quondam.
2869 4120 2972 4177 En.
