3300 5175
772 565 910 639 118
1286 565 1361 632 C.
1419 566 1766 637 PLINII
1818 565 2039 633 NAT.
2097 564 2352 632 HIST.

756 710 911 766 octo
969 693 1257 766 millibus
1360 720 1625 766 assuum
1683 696 2035 778 distanter»,
2075 695 2323 824 Tib⁵erii
2371 693 2688 789 principis
2740 717 2895 762 arce

756 801 1009 872 nobiles
1040 805 1313 896 Capreae
1350 789 1397 888 ⁴,
1433 803 1714 872 circuitu
1755 827 1832 872 ιιι
1871 787 2208 872 millium³⁵
2235 823 2571 896 passuum.

861 910 1056 978 XIII.
1080 907 1281 978 Mox¹
1319 906 1747 982 Leucothea²
1783 904 2148 1003 :‘extraque
2177 888 2648 1044 conspectum³
2666 957 2687 990 ‚
2712 903 2887 998 pela-

754 1039 878 1107 gus
932 1014 1229 1085 Africum
1285 1017 1652 1110 attingenS,
1709 1015 2046 1104 Sardinia,
2090 1017 2308 1085 minus
2344 1001 2538 1084 octo⁴
2603 1009 2892 1084 millibus

754 1144 1066 1212 passuum
1116 1146 1155 1188 a
1204 1123 1493 1191 Corsicae
1548 1124 1904 1208 extremis,
1968 1125 2333 1192 etiamnum
2377 1119 2719 1250 angustias
2779 1142 2892 1188 eas

753 1228 1161 1297 arctantibus
1192 1227 1417 1304 insulis
1454 1230 1712 1325 parvis,
1741 1253 1887 1318 quae
1926 1213 2400 1300 Cuniculariae⁵
2430 1223 2887 1322 appellantur:

754 1319 1087 1428 itemque⁶
1128 1335 1525 1420 Phintonis,
1570 1351 1637 1406 et
1688 1339 1968 1405 Fossae.
2009 1361 2048 1404 a
2095 1335 2334 1430 quibus
2375 1334 2620 1404 fretum
2673 1333 2890 1426 ipsum

752 1439 1057 1535 Taphros
1092 1443 1492 1512 nominatur.
1535 1433 1701 1534 (vn.
1723 1437 1750 1532 )
1793 1442 2095 1512 Sardinia
2151 1442 2235 1510 ab
2291 1439 2582 1510 oriente⁷
2581 1452 2892 1569 apatens,

754 1569 1099 1618 chxxvm
1163 1546 1363 1617 minsa
1401 1571 1772 1644 passuum·
1809 1549 1893 1618 ab
1941 1549 2312 1637 occidente,
2348 1570 2566 1617 cmxxv
2581 1531 2888 1614 8ιιι111ἰ3ε

755 1701 1138 1755 amoenissimus
1176 1715 1291 1755 est:
1322 1701 1531 1774 Virgilii
1567 1719 1783 1775 quoque

755 1778 1026 1832 cineribus
1045 1779 1293 1854 inclytus.
1310 1780 1498 1852 Eum.

828 1857 913 1910 33.
940 1863 1176 1927 Megaris.
1200 1860 1438 1934 Μεγαρὶς,
1460 1879 1605 1914 nunc
1623 1865 1790 1914 castet

756 1941 878 1990 dell'
895 1943 1015 1990 Ονο.
1040 1938 1221 1992 Hau).

830 2017 913 2081 34.
968 2023 1189 2085 Caprea.
1243 2019 1526 2091 Eleganter
1586 2018 1784 2074 descri-

756 2097 957 2149 buntur
972 2117 1002 2150 a
1020 2099 1207 2152 Tacito
1225 2101 1421 2162 Annal‚
1436 2101 1529 2152 lib.
1548 2100 1647 2165 IV,
1666 2117 1783 2169 cap.

758 2179 845 2244 67,
870 2177 963 2247 qui
1001 2177 1218 2249 quidem
1246 2179 1440 2244 rectius
1476 2195 1635 2249 quam
1675 2177 1782 2230 No-

758 2269 891 2318 ster,
914 2255 1050 2308 hanc
1074 2257 1301 2310 insulam
1333 2282 1354 2304 ι
1379 2258 1539 2310 trium
1558 2257 1783 2310 millium

759 2333 895 2387 freto
930 2334 1000 2386 ab
1048 2336 1294 2389 extremis
1323 2336 1617 2390 Surrentini
1654 2355 1782 2407 pro·

758 2413 1004 2467 montorii
1022 2414 1368 2486 disjunctam·-
1378 2417 1469 2470 ait.
1472 2417 1611 2470 Vide
1622 2418 1783 2470 etiam

730 2491 1005 2546 χδιιιεῐοιι.
990 2513 1050 2544 m
1067 2495 1306 2561 Tiberio,
1335 2515 1451 2576 cap.
1478 2515 1563 2562 xz,
1589 2511 1641 2548 et
1661 2497 1785 2548 Dio-

758 2590 917 2638 nem,
937 2571 1029 2625 lib.
1057 2574 1190 2638 LII,
1226 2595 1281 2648 p.
1314 2577 1433 2646 495.
1460 2577 1615 2631 Nunc
1639 2578 1787 2645 Capri

758 2664 995 2721 vocatur.
1022 2652 1119 2705 En.

833 2714 920 2784 35.
950 2737 1032 2783 XI
1054 2736 1259 2785 millium
1277 2772 1293 2795 ‚
1330 2747 1431 2790 etc.
1470 2735 1612 2789 Male
1630 2736 1778 2789 MSS.

760 2812 890 2883 Reg.
912 2824 969 2864 et
992 2812 1157 2866 editio
1176 2816 1421 2887 princeps
1438 2816 1676 2887 aliaeque,
1701 2828 1778 2868 at-

758 2908 865 2963 que
882 2892 1044 2945 etiam
1072 2892 1405 2959 Harduinus,
1422 2900 1516 2946 LX
1530 2902 1609 2949 M.
1627 2895 1781 2967 Opti-

758 2989 847 3023 me
880 2973 1181 3027 emendavit
1217 2974 1299 3027 Cl.
1333 2976 1684 3040 Rezzonicus,
1705 2982 1787 3028 XI

760 3057 835 3103 M.
881 3072 1118 3107 errorem
1169 3066 1497 3108 monstrante
1544 3056 1782 3127 Josepho

758 3130 924 3183 Maria
969 3132 1243 3198 Secundo,
1280 3133 1607 3205 Caprearum
1648 3155 1780 3205 proe-

759 3211 899 3261 fecto
914 3247 929 3271 ,
951 3210 1008 3261 in
1047 3210 1253 3265 erudita
1273 3213 1454 3266 insulae
1483 3213 1782 3285 descriptio-

758 3306 843 3341 ne.
871 3290 1041 3342 Bnor.

829 3366 985 3419 xm.
1036 3388 1078 3421 ι.
1119 3376 1267 3421 Mox.
1313 3370 1446 3424 Sunt
1487 3372 1583 3443 qui
1637 3372 1778 3427 hanc

758 3464 945 3499 vocem
966 3464 1073 3499 non
1100 3448 1293 3519 legant.
1316 3450 1450 3501 Du..

832 3543 881 3576 3.
906 3529 1193 3579 Leucothea.
1222 3528 1468 3583 Meminit
1488 3528 1651 3602 hujus
1665 3532 1780 3585 Me-

755 3603 824 3666 la,
861 3603 948 3656 lib.
1000 3606 1086 3670 11,
1115 3624 1232 3677 cap.
1258 3625 1289 3676 7
1316 3627 1331 3672 3
1364 3608 1457 3660 sed
1494 3609 1547 3661 in
1575 3612 1777 3683 mappis

755 3702 864 3736 non
887 3685 1168 3754 reperitur.
1196 3686 1296 3738 En.

829 3764 877 3817 3.
908 3768 1174 3831 Eumque
1196 3782 1515 3833 conspectum.
1542 3769 1661 3821 vet.
1683 3788 1768 3841 ap.

750 3842 931 3895 Daleo.
952 3855 1005 3894 et
1020 3842 1199 3895 Chisfl.
1222 3858 1370 3894 exera
1390 3865 1549 3911 qeoem.
1575 3848 1683 3900 En.
1702 3880 1773 3889 --

748 3922 837 3974 Sic
863 3923 919 3974 in
947 3922 1111 3975 altum
1140 3921 1391 3977 recedens
1408 3965 1422 3989 ,
1450 3936 1510 3975 ut
1546 3946 1575 3978 a
1604 3928 1772 3981 couti-

747 4012 907 4055 nente
932 4000 1162 4075 prospici
1179 4019 1286 4053 non
1306 4003 1494 4073 possit,
1516 4004 1614 4059 nisi
1632 4024 1771 4077 aegre

746 4078 1059 4133 admodum.
1080 4080 1301 4147 Strabo,
1324 4080 1415 4133 lib.
1447 4084 1515 4148 V,
1540 4104 1591 4156 p.
1621 4088 1722 4139 333
1753 4108 1766 4139 =

749 4160 1117 4212 Κατοπτιὺιται
1136 4158 1189 4211 δ’
1212 4163 1309 4213 ἀπὸ
1338 4168 1419 4220 τῆς
1444 4164 1623 4225 πόλεως
1650 4167 1768 4236 πὸῥ-

1871 1705 2014 1774 ῥωθεν
2034 1705 2118 1775 μὲν
2137 1701 2220 1755 καὶ
2251 1703 2430 1774 μόλις-ἡ
2453 1697 2681 1770 Σαρδὼν,
2699 1701 2892 1771 inin-6-

1871 1801 1936 1854 ρα
1954 1781 2058 1839 δὶὴ
2071 1785 2245 1852 Κύρνος
2263 1820 2278 1845 ,
2304 1792 2401 1834 etc.
2430 1781 2610 1832 Han.

1943 1868 1997 1925 4,
2024 1866 2188 1914 Minus
2207 1873 2337 1914 octo.
2363 1858 2519 1930 Apud
2533 1855 2714 1911 Chil'fl.
2731 1859 2889 1908 miuus

1870 1960 2058 1994 novem.
2083 1941 2186 1993 En.
2213 1971 2282 1980 —
2305 1941 2405 1992 -In
2431 1950 2620 1991 octavo
2645 1935 2888 1989 milliario

1871 2037 1903 2072 a
1951 2021 2172 2072 Corsica
2219 2017 2462 2073 Sardinia
2501 2030 2609 2079 est,
2641 2043 2666 2061 ι·
2715 2014 2891 2087 inquit

1869 2101 2163 2152 Martianus
2184 2138 2199 2162 ,
2227 2100 2318 2151 lib.
2345 2100 2449 2162 VI,
2476 2118 2592 2169 pag.
2633 2115 2750 2167 ²07·
2776 2095 2890 2149 Sta-

1869 2177 2077 2231 diorum
2106 2179 2215 2231 fere
2234 2199 2303 2233 Lx
2323 2177 2658 2238 intervallum
2679 2194 2792 2229 esse
2815 2174 2890 2229 ait

1869 2259 2080 2324 Strabo,
2119 2259 2214 2310 lib.
2252 2259 2298 2308 V
2306 2277 2463 2330 ,.pag
2499 2257 2631 2338 333,
2653 2257 2758 2308 hoc
2782 2265 2888 2321 est,

1868 2355 2034 2390 νιιιι.
2057 2357 2110 2390 ι).
2140 2355 2276 2408 pass.
2309 2337 2489 2390 Eum.
2519 2368 2592 2377 —
2619 2336 2725 2390 Vix
2753 2355 2784 2387 v
2815 2352 2883 2387 ιι.

1868 2433 2003 2488 pass.
2029 2429 2108 2470 est
2125 2435 2312 2470 verum
2341 2418 2478 2470 mtei
2479 2417 2695 2470 vallum
2715 2417 2817 2468 En.

1941 2498 1990 2550 5.
2014 2499 2350 2550 ΟιιηίοιιΙαήαε.
2377 2495 2552 2550 Hodie
2577 2496 2692 2550 sine
2718 2493 2889 2546 nomi-

1867 2594 1957 2641 ne,
1985 2575 2236 2649 scopulis,
2255 2596 2419 2650 quam
2449 2575 2651 2641 insulis,
2679 2574 2886 2647 propio·

1865 2674 1968 2708 res.
2007 2656 2186 2710 niun.

1937 2738 1991 2787 6.
2012 2742 2248 2805 Itemque.
2279 2735 2345 2789 Id
2367 2748 2443 2791 est
2466 2753 2480 2787 τ
2503 2733 2770 2805 Angustias
2785 2732 2887 2787 illae

1865 2828 2135 2867 arctantur
2154 2855 2169 2881 ,
2195 2834 2304 2868 non
2341 2813 2502 2867 modo
2537 2811 2888 2867 Cuniculariis

1865 2894 2081 2957 insulis,
2117 2894 2210 2948 sed
2233 2895 2320 2947 illa
2346 2896 2502 2946 etiam
2529 2892 2698 2945 insula
2717 2930 2730 2953 ‚
2768 2908 2886 2965 qum

1867 2974 2178 3042 Phintonis(
2196 2973 2502 3038 Ptolemaeo,
2525 2971 2619 3024 lib.
2645 2970 2754 3033 111,
2771 2990 2885 3041 cap.

1868 3054 1924 3121 3,
1952 3057 2180 3114 Φίντωνος
2207 3058 2400 3121 νῆσος),
2443 3065 2494 3107 et
2527 3051 2609 3104 his
2647 3068 2765 3122 quae
2789 3052 2888 3102 Τά-

1866 3154 1996 3205 φρος.
2025 3154 2116 3188 seu
2137 3134 2178 3186 F
2180 3152 2306 3188 ossa
2325 3143 2606 3187 vocantur.
2624 3130 2722 3183 Illa
2739 3148 2886 3183 nunc

1868 3218 2000 3266 Isola
2043 3218 2097 3265 di
2128 3218 2251 3282 Ergo
2282 3234 2300 3264 .·
2327 3212 2491 3265 altera
2537 3214 2672 3262 Isola
2694 3214 2850 3261 Bona
2867 3248 2883 3273 ‚

1865 3293 2140 3355 Cluveri0‚
2181 3294 2270 3346 lib.
2303 3291 2370 3347 de
2393 3292 2608 3345 Corsica
2635 3288 2882 3360 antiqua,

1863 3390 1986 3443 pag.
2019 3373 2136 3426 502.
2165 3373 2354 3425 mnu.
2377 3402 2448 3412 —-
2469 3374 2575 3423 Aut
2593 3369 2794 3442 potius,
2821 3381 2884 3421 nt

1862 3453 1976 3504 vult
2019 3452 2355 3515 Manna-tus,
2385 3456 2598 3519 coprem
2635 3460 2687 3502 et
2727 3454 2883 3500 Sama

1865 3532 2173 3584 vaddoleno
2187 3572 2202 3597 ‚
2223 3544 2369 3584 extra
2398 3531 2610 3594 fretum,
2627 3530 2882 3583 orientem

1862 3611 2001 3663 inter
2029 3622 2079 3662 et
2110 3620 2369 3663 austrum.
2391 3610 2512 3662 Vet.
2535 3608 2677 3681 apud
2708 3608 2881 3661 Dalec.

1861 3692 2094 3741 Phicom's.
2131 3689 2304 3741 Tolet.
2329 3691 2566 3741 Pintom's.
2586 3688 2692 3741 En.

1933 3788 1983 3839 7.
2013 3772 2090 3819 Ab
2135 3770 2338 3820 oriente.
2391 3768 2579 3820 Latere
2621 3764 2882 3818 orientali.

1863 3847 1986 3901 Haec
2019 3848 2316 3901 Martianus
2337 3846 2526 3900 iisdem
2547 3844 2753 3905 verbis,
2789 3844 2880 3895 lib.

1861 3928 1971 3994 VI,
1999 3946 2113 3999 cap.
2136 3926 2204 3980 de
2235 3925 2444 3979 Sardin.
2480 3942 2596 3996 pag.
2629 3941 2750 3993 ²⁰7·
2771 3922 2842 3974 H.

1931 4010 1983 4060 8.
2007 4010 2244 4059 CLXXV.
2272 4004 2360 4058 Sic
2393 4002 2536 4076 apud
2573 4000 2807 4055 chifflet.
2829 4013 2883 4052 et

1859 4087 2033 4140 Tolet.
2064 4086 2246 4139 Dalec.
2277 4096 2329 4137 et
2349 4083 2527 4135 Elzev.
2553 4086 2740 4135 CLXX.
2775 4081 2878 4142 Alii

1857 4184 1942 4238 ap.
1971 4166 2148 4221 Dalec.
2181 4166 2427 4217 CLXXII.
2451 4160 2557 4215 En.
