3300 5175
1128 463 1449 536 mmm
1501 465 1647 536 111.
2308 488 2448 565 127

322 619 393 674 et
434 585 957 689 Archidemia⁴‘',
996 611 1063 669 et
1085 600 1377 694 Magaea,
1416 613 1487 668 et
1502 602 1761 694 Cyane,
1797 614 1866 668 et
1905 573 2264 668 Milichie⁴¹
2307 599 2458 670 son-

326 726 427 782 tes
464 713 533 780 in
566 713 890 804 Syracuso
926 693 1305 802 potantur⁴²
1350 730 1536 801 agro.
1590 709 1832 774 Portus
1869 706 2350 776 Naustathmus
2367 693 2418 738 ⁴³
2441 761 2460 796 ‚
2496 728 2528 785 4

326 819 577 886 flumen
604 815 915 898 Elorum,
938 815 1467 908 promontorium
1498 812 1884 906 Pachynum
1911 836 1928 878 ε
1953 837 1992 880 a
2019 800 2215 906 qua⁴⁴
2247 813 2468 884 fronte

326 923 563 993 Siciliae
596 923 841 992 flumen
860 921 1263 988 Hirminium
1279 905 1330 950 ⁴⁵
1352 973 1371 1007 ‚
1400 945 1441 989 ο
1491 918 1722 1014 pidum
1752 920 2108 988 Camarina
2122 905 2198 1004 ⁴⁶,
2227 920 2468 992 fluvius

331 1019 595 1098 Gelas⁴¹‘
627 1083 647 1112 ‚
704 1007 1025 1122 oppidum
1092 1013 1427 1120 Acragas⁴
1470 1077 1487 1108 ‚
1539 1025 1720 1120 quod
1772 1025 2208 1120 Agrigentum
2261 1029 2469 1097 nostri

330 1135 574 1205 dixere.
624 1119 994 1204 Thermae⁴⁹
1051 1131 1313 1202 colonia
1363 1157 1379 1199 ε
1426 1155 1653 1202 amnes
1703 1131 1990 1202 Achates
2007 1116 2058 1154 ⁵¹⁰
2077 1183 2096 1216 ‚
2160 1135 2430 1202 Mazara
2449 1184 2470 1220 ,

406 1318 493 1376 4ο.
533 1313 849 1364 Archidemia
884 1325 933 1362 ee
966 1315 1191 1379 uagae.
1231 1309 1353 1362 Vet.
1441 1327 1543 1364 nus
1560 1345 1576 1374 ,
1598 1309 1906 1364 n'Amzm
1921 1319 2098 1362 autem
2113 1347 2127 1370 ‚
2145 1308 2474 1364 Menneu-tus-

330 1409 415 1463 ap.
434 1389 543 1444 Dal.
562 1393 900 1442 Archidemisa
914 1403 963 1442 ee
981 1394 1231 1457 Mar-gau.
1252 1387 1355 1442 En.
1444 1407 1551 1460 que
1570 1428 1585 1454 ,
1614 1388 1876 1459 multique
1905 1388 1996 1440 alii
2024 1388 2212 1441 Gelam
2247 1388 2470 1442 fluvium

408 1477 493 1532 41.
522 1473 755 1524 Milichie.
787 1471 907 1522 Vet.
938 1487 1025 1540 ap.
1058 1466 1235 1520 Dalec.
1266 1469 1361 1518 Mi-
1444 1480 1498 1521 et
1533 1470 1721 1520 urbem
1764 1468 2134 1539 cognominem
2163 1467 2328 1522 hodie
2359 1485 2470 1522 esse

336 1551 487 1602 linos.
516 1549 623 1602 En.
1428 1549 1589 1619 fiaaeme
1609 1551 1826 1599 Gliiozso
1845 1559 1896 1600 et
1909 1548 2094 1600 urbem
2119 1553 2268 1600 Terra
2295 1553 2436 1600 Nova
2451 1585 2468 1612 ,

410 1634 499 1692 4²·
518 1635 776 1680 Poeantur.
806 1628 925 1680 Vet.
945 1643 1031 1696 ap.
1058 1625 1361 1696 Dalecamp.
1445 1645 1565 1697 quae
1592 1639 1770 1680 tamen
1801 1628 2016 1698 antiqua
2054 1627 2216 1698 paulo
2247 1627 2472 1680 inferior

331 1722 607 1778 ponantur-,-
630 1708 718 1760 alii
732 1721 983 1774 putantur.
1005 1705 1109 1757 En.
1446 1707 1710 1777 reperitur
1735 1705 1806 1759 ad
1829 1707 2026 1759 ostium
2045 1704 2293 1761 fluminis.
2315 1707 2423 1760 En.

412 1787 496 1853 43.
512 1789 885 1838 Naustathmus.
900 1785 1231 1854 Ναύσταθμος,
1246 1801 1370 1854 quo
1520 1788 1605 1852 48.
1644 1795 1888 1855 Acragas.
1925 1788 1992 1837 In
2029 1786 2260 1840 nummis
2303 1783 2475 1840 Musei

340 1885 449 1919 vox
476 1866 699 1918 navium
728 1864 1005 1918 stationem
1038 1874 1208 1916 sonat.
1242 1863 1367 1915 Pto·
1449 1867 1617 1918 nostri
1640 1905 1656 1925 ,
1697 1879 1749 1918 et
1791 1864 1935 1938 apud
1977 1866 2255 1932 Par-utam,
2289 1873 2476 1918 AKPA-

340 1943 559 2012 lemae,
598 1945 691 1996 lib.
721 1945 841 2008 111,
877 1961 995 2014 cap.
1024 1949 1057 2005 4
1088 1959 1103 1994 :
1131 1948 1367 2000 Φοινικοῦς

340 2025 499 2096 λιμήν.
532 2025 687 2076 Nunc
707 2029 931 2074 Fontane
960 2023 1196 2084 biano-hc,
1229 2019 1368 2073 inter

340 2103 627 2172 Syracusas
645 2139 662 2165 ‚
685 2117 737 2155 et
764 2100 987 2152 Elorum
1018 2117 1258 2160 amnem,
1280 2098 1367 2151 cui

343 2201 543 2235 nomen
622 2179 783 2234 hodie
849 2183 1082 2231 Acellaro
1152 2189 1369 2232 auctore

344 2262 645 2325 Hardnino,
668 2264 844 2313 Abii-so
856 2259 1171 2311 Mannerto:
1202 2277 1371 2329 quon-

344 2338 470 2392 dam
496 2331 682 2409 ἓλωρος
697 2375 715 2402 ,
746 2337 889 2410 apud
914 2336 1169 2409 stephan.
1195 2347 1248 2390 et
1268 2337 1370 2390 vi-

344 2419 495 2472 bium
520 2417 645 2489 Seq.
672 2419 774 2469 En.

421 2504 511 2562 44.
536 2501 585 2548 A
603 2497 901 2564 quofronte.
924 2493 1279 2548 Meridionali.
1298 2495 1371 2547 Η.

419 2576 508 2642 45.
535 2578 849 2629 Ηὶηηίηἰιιηι.
894 2575 1051 2629 Nunc
1080 2578 1287 2641 Manio,
1319 2585 1373 2628 et

352 2660 517 2709 Manli
529 2693 545 2721 ,
568 2667 619 2709 et
626 2660 789 2729 fiume
812 2658 869 2707 de·
884 2660 1103 2723 Regma.
1134 2655 1309 2707 Halm.

426 2738 512 2799 46.
550 2738 835 2789 Camarina.
862 2736 1121 2805 Καμαρῖνοι
1153 2733 1377 2806 Stepha-

354 2834 441 2869 no.
468 2813 654 2885 Virgil.
685 2812 898 2869 AEneid.
928 2813 1064 2866 libro
1091 2814 1173 2865 111
1214 2829 1227 2865 :
1264 2840 1289 2859 οι
1308 2814 1377 2865 Et

356 2894 478 2949 fatis
526 2913 821 2966 numquam
874 2912 1125 2948 concessa
1174 2892 1379 2946 moveri

355 2977 585 3047 Apparet
616 2975 901 3029 Camarina
938 2974 1183 3045 procula-
1206 2972 1381 3027 Hodie

361 3060 645 3107 camurana
662 3054 874 3120 dicitur,
892 3053 1254 3108 latereSiciliae
1272 3072 1381 3107 me-

358 3134 603 3189 ridionali
630 3154 645 3188 :
676 3140 729 3187 in
770 3134 1003 3189 nummis
1038 3138 1181 3206 apud
1214 3134 1381 3187 Paru-

360 3227 467 3266 tam
488 3253 503 3279 ‚
531 3220 979 3265 ΚΑΜΑΡΙΝΑῙΩΝ.
1003 3212 1379 3267 Hune-Vct.

358 3292 502 3367 apud
529 3292 705 3347 Dalec.
738 3296 1013 3345 Camerina.
1040 3292 1143 3345 En.
1262 3340 1277 3352 ,

436 3380 522 3442 47.
557 3371 726 3423 Getas.
765 3377 890 3425 Gela
927 3373 1111 3425 Vibio.
1136 3373 1202 3425 In
1224 3389 1381 3425 num-

362 3452 465 3505 mis
550 3451 697 3524 apud
764 3451 1009 3505 eumdem
1079 3452 1330 3503 Par-utam
1362 3488 1377 3514 ,

363 3538 577 3585 ΓΕΔΑΣ.
604 3532 783 3603 Caput
808 3532 989 3597 virile,
1013 3550 1137 3583 cnm
1164 3532 1383 3585 auribus

365 3624 417 3664 et
440 3609 667 3664 dimidio
694 3629 919 3682 corpore
958 3611 1159 3663 bubulo
1176 3649 1191 3675 ‚
1230 3610 1385 3665 docet

364 3690 641 3762 agricolas,
655 3691 746 3763 qui
761 3689 955 3742 flumen
968 3689 1099 3743 illud
1110 3690 1383 3757 accolunt,

367 3788 479 3823 esse
502 3770 821 3841 perferentes
848 3768 1041 3821 laboris
1078 3786 1093 3821 ε
1121 3769 1177 3821 in
1202 3788 1385 3823 aversa

367 3862 541 3903 autem
566 3860 719 3920 parte
746 3866 951 3921 equus,
980 3848 1063 3903 vel
1084 3866 1245 3920 eques
1258 3887 1274 3909 ,
1300 3850 1386 3902 vel

368 3928 503 3999 biga
534 3929 687 4000 picta
720 3946 999 4000 generosos
1026 3926 1081 3979 in
1116 3946 1181 3981 eo
1216 3938 1391 3981 tractu

370 4026 535 4078 equos
567 4026 696 4061 esse.
726 4006 909 4061 nnn.
936 4038 1006 4047 —
1034 4006 1192 4061 Hunc
1226 4005 1391 4059 hodie

370 4088 561 4171 accolis
590 4090 872 4159 essefieemc
898 4092 1035 4139 Salso
1068 4087 1138 4140 sit
1164 4086 1395 4141 Har-dui·-

1447 1943 1952 1998 rAN'nNnNflodie
1973 1948 2232 2012 Gitgctm}
2255 1946 2438 1998 ineolis
2456 1983 2473 2008 ‚

1451 2024 1730 2090 Agrigento
1761 2025 1882 2073 οἰαὰ
1912 2027 2196 2094 magnfica.
2222 2023 2271 2076 H
2278 2041 2410 2078 nu).

1524 2107 1613 2167 49.
1645 2103 1882 2152 Ther-mee.
1904 2101 2175 2152 Antonino
2196 2105 2362 2173 Aquae
2381 2103 2478 2154 Ln-

1450 2178 1597 2233 rodm
1612 2216 1629 2241 ‚
1669 2179 1736 2230 ab
1755 2179 2036 2250 Agrigento
2051 2219 2065 2243 ,
2089 2197 2154 2232 xx.
2176 2198 2237 2233 κ.
2261 2182 2480 2236 1³.Nunc

1453 2271 1579 2312 sunt
1602 2275 1676 2310 eae
1703 2276 1871 2329 prope
1907 2259 2090 2311 urbem
2124 2263 2330 2312 Seiae-ca
2349 2301 2364 2326 ,
2395 2262 2480 2314 vel

1453 2343 1660 2404 ,ἴασι-α,
1706 2351 1763 2390 ut
1811 2348 1954 2390 recte
1997 2338 2240 2392 Fazellus
2259 2379 2276 2400 ‚
2330 2343 2480 2412 cujus

1452 2417 1756 2488 opinionem
1792 2415 2034 2490 sequitur
2068 2430 2120 2471 et
2143 2420 2472 2474 Mannertus.

1454 2499 1629 2552 Hm.
1654 2510 1706 2551 et
1737 2499 1844 2552 En.

1528 2581 1615 2635 50.
1626 2587 1803 2632 Amnes
1813 2581 2048 2640 Achates,
2063 2583 2290 2644 Mazara,
2297 2584 2482 2649 Hypsa.

1456 2650 1645 2729 Ᾰχάτης
1669 2700 1686 2726 ,
1737 2678 1881 2713 nunc
1917 2662 2112 2718 Belice,
2151 2660 2242 2731 qui
2279 2661 2482 2731 primus

1455 2752 1574 2811 post
1593 2741 1852 2794 Thermas
1875 2739 2107 2793 occurrit
2149 2758 2162 2793 ε
2205 2740 2441 2811 Μαζάρας
2463 2781 2478 2804 ,

1459 2826 1700 2881 Mazara,
1730 2819 1801 2874 ad
1827 2818 2093 2891 oppidum
2121 2818 2356 2891 ejusdem
2386 2838 2484 2871 no-

1460 2900 1621 2953 minis
1649 2918 1665 2951 :
1689 2900 1850 2953 latere
1875 2913 2098 2970 uterque
2126 2897 2484 2952 meridionali.

1462 2970 1619 3047 Ϋψοις,
1666 2982 1922 3042 Mat-sala,
1965 2994 2131 3050 prope
2173 2976 2484 3044 Lilybaeum.

1464 3058 1648 3111 Hum.
1685 3088 1757 3098 —
1797 3058 1858 3109 In
1909 3056 2034 3109 edit.
2093 3056 2269 3111 Parm.
2314 3076 2488 3109 amnes

1465 3141 1689 3205 Agathe,
1739 3138 2084 3204 Machelaypsa.
2153 3135 2218 3187 In
2264 3136 2394 3209 Reg.
2437 3147 2490 3189 et

1464 3216 1618 3271 Colb.
1641 3220 1835 3285 Agathe
1857 3230 2016 3266 mater
2033 3220 2200 3283 Hypsa
2215 3252 2231 3277 ‚
2256 3234 2358 3286 pro
2383 3232 2488 3287 qua

1466 3296 1698 3349 lectione
1721 3336 1736 3361 ,
1781 3296 2040 3347 Barbarus
2079 3296 2197 3345 Acis
2234 3308 2284 3349 ee
2317 3298 2491 3361 Hypsa

1464 3376 1704 3447 reposuit
1728 3393 1741 3428 ε
1762 3374 2006 3446 pluribus
2041 3392 2166 3426 saue
2191 3390 2356 3444 quam
2392 3390 2494 3445 par

1469 3456 1668 3518 fuerat,
1717 3454 1917 3509 extritis
1961 3453 2166 3506 litteris.
2211 3451 2316 3505 Sed
2358 3452 2494 3505 Acin

1470 3553 1714 3607 quoque,
1745 3534 1813 3587 de
1849 3554 1957 3603 qno
1979 3532 2156 3587 Sebol.
2185 3532 2492 3597 Theocriti,

1470 3614 1539 3667 ad
1561 3632 1694 3667 vers.
1722 3618 1790 3682 69
1807 3652 1823 3677 ,
1850 3613 2000 3686 idyll.
2021 3631 2070 3679 1,
2090 3624 2140 3665 et
2153 3612 2346 3664 Vibius
2367 3612 2492 3684 Seq.

1470 3712 1591 3765 pag.
1623 3693 1728 3760 329
1743 3730 1758 3756 ,
1777 3694 1844 3745 ab
1859 3695 2023 3745 AEtua
2042 3728 2057 3754 ‚
2076 3691 2259 3743 Solino
2280 3709 2496 3762 quoque

1474 3784 1715 3838 auctore,
1760 3771 2044 3834 fluentem,
2099 3788 2128 3822 e
2170 3772 2326 3841 cujus
2369 3770 2496 3841 ripis

1472 3868 1597 3907 saxa
1636 3852 1694 3905 in
1723 3852 1966 3925 Ulyssem
1997 3849 2385 3921 Polyphemum
2418 3852 2499 3921 je-

1474 3933 1609 3985 cisse
1624 3930 1842 4002 quidam
1861 3930 2068 3994 dixere,
2081 3928 2148 3981 ad
2171 3945 2318 3980 oram
2337 3946 2500 4000 quam

1478 4028 1619 4063 nunc
1651 4010 1918 4081 percurrit
1945 4007 2170 4071 Plinius,
2193 4026 2304 4059 non
2339 4007 2502 4079 perti-

1480 4108 1640 4152 nere,
1681 4087 1894 4143 docebit
1927 4090 2161 4159 subjecta
2198 4085 2364 4141 oculis
2409 4078 2505 4140 ‹ie-
