3300 5175
704 477 807 568 94
1232 473 1307 538 C.
1368 469 1714 538 PL1N11
1770 467 1989 537 NAT.
2049 471 2306 537 HIST.

706 607 885 688 tino,
940 604 1095 672 item
1152 603 1479 686 Hernico,
1532 603 1690 670 item
1747 602 2086 674 Labicano
2139 603 2585 696 cognominati
2641 628 2655 669 :
2713 606 2844 670 Bo-

706 695 976 796 villae²³‚
1026 695 1395 794 Calatiae²⁴‚
1444 708 1762 777 Casinum
1789 693 1873 796 ²⁵,
1923 694 2341 795 Calenum'⁶,
2391 707 2774 804 Capitulum
2792 706 2842 745 ²⁷

706 817 1100 900 Hernicum,
1142 815 1471 883 Cereatini
1522 817 1635 908 qui
1678 815 1966 885 Mariani
1984 801 2033 840 ²⁸
2077 815 2676 910 cognominantur:
2709 817 2844 883 Co-

708 925 847 990 rani
866 919 917 958 ²⁹
958 946 999 989 a
1034 920 1355 989 Dardano
1392 920 1682 1014 Trojano
1717 923 1844 990 orti
1878 948 1892 990 :
1935 919 2382 1009 Cubulterini‚
2418 907 2471 946 ³⁰
2489 921 2848 991 Castrimo-

707 1151 802 1204 lib.
836 1150 921 1212 11,
946 1167 1064 1219 cap.
1090 1149 1161 1216 39
1182 1187 1198 1213 ,
1226 1161 1280 1200 et
1304 1147 1519 1216 IV,47,
1542 1147 1742 1200 incolas
1829 1148 1964 1202 mill.
2017 1147 2229 1220 Pei-egr.
2297 1167 2418 1220 pag.
2480 1147 2608 1212 436.
2659 1149 2844 1202 ffinn.

707 1229 1001 1283 Labicanos
1020 1266 1037 1292 ,
1063 1228 1172 1280 sive
1200 1227 1489 1280 Lavicanos
1516 1227 1608 1280 lib.
1638 1226 1739 1290 IV,
1912 1247 2002 1299 27·
2060 1227 2354 1300 Capitulum.
2420 1227 2708 1292 Frontino,
2747 1227 2846 1282 lib.

709 1328 825 1380 cap.
859 1307 927 1371 45
961 1319 1014 1360 et
1055 1310 1156 1372 46,
1181 1319 1235 1360 et
1264 1307 1373 1372 VI,
1419 1325 1485 1360 οι
1510 1347 1526 1370 ,
1557 1326 1743 1378 agrum
1827 1305 1895 1360 de
1923 1308 2251 1380 Colon.pag.
2291 1308 2433 1362 123:
2463 1307 2740 1378 Capitolum
2763 1327 2852 1378 op-

710 1388 1055 1450 Lahicanum‚
1071 1405 1162 1440 seu
1179 1387 1617 1452 Lavicanum‚lib.
1635 1388 1744 1447 111,
1821 1388 1990 1458 pidum
2023 1389 2128 1458 lege
2152 1387 2358 1462 Syllana
2383 1399 2459 1442 ese
2485 1388 2756 1444 deductum.
2781 1390 2850 1442 In

713 1487 829 1539 cap.
861 1467 965 1532 253
994 1467 1093 1530 IV,
1134 1472 1237 1535 49,
1264 1479 1317 1519 et
1342 1467 1562 1529 XXVI,
1595 1486 1665 1536 9,
1694 1481 1746 1522 et

714 1549 855 1602 viam
899 1565 1019 1618 quae
1070 1544 1197 1600 inde
1250 1547 1474 1598 Romam
1519 1545 1746 1600 ducebat

714 1629 855 1681 viam
883 1628 1203 1680 Lavicanam
1236 1625 1333 1678 lib.
1368 1626 1470 1690 IV,
1500 1646 1616 1698 cap.
1650 1634 1742 1690 41.

716 1705 864 1760 Hanc
886 1708 1073 1760 urbem
1093 1725 1125 1758 a
1146 1704 1401 1759 dictatore
1424 1705 1494 1770 Q.
1524 1706 1748 1760 Servilio

717 1787 897 1840 Prisco
930 1799 1137 1858 captam
1184 1784 1526 1856 dirutamque
1552 1787 1748 1839 Roma-

720 1867 780 1920 ni
827 1865 1055 1919 deducta
1094 1865 1309 1918 colonia
1353 1879 1744 1922 recreaverunt.

727 1945 886 2006 Nunc
909 1965 1017 1999 esse
1040 1944 1307 2016 oppidum
1340 1945 1587 2010 Colonna,
1613 1947 1746 1998 Hol-

723 2024 891 2079 stenio
919 2023 1087 2078 credit
1108 2025 1386 2078 Fabrettus
1402 2061 1419 2087 ‚
1442 2024 1650 2080 dissert.
1687 2044 1710 2078 1
1729 2064 1746 2090 ,

725 2104 793 2158 de
824 2103 1047 2178 Aquaed.
1076 2124 1195 2176 pag.
1234 2105 1323 2158 13.
1356 2101 1461 2157 En.

1828 1466 1955 1522 edit.
2007 1466 2186 1523 Parm.
2233 1468 2510 1540 Capitulum
2547 1469 2810 1522 Her-netum
2828 1505 2847 1530 ,

1835 1547 2107 1618 Cernetani.
2135 1548 2432 1602 Frobenius
2445 1587 2462 1614 ,
2487 1543 2684 1619 aliique
2702 1547 2854 1601 dein·

1831 1645 1980 1699 ceps,
2012 1629 2318 1699 Capitulum,
2350 1630 2604 1682 Cet-netem
2620 1669 2638 1692 ,
2669 1627 2850 1682 Ceme-

1833 1711 1954 1761 tam’.
1995 1707 2394 1762 Emendationis
2431 1721 2630 1762 nostre
2665 1721 2852 1762 auctor

1831 1787 1936 1841 fuit
1980 1787 2179 1858 partim
2223 1789 2443 1852 Strabo,
2487 1789 2580 1842 lib.
2617 1788 2691 1853 V,
2727 1805 2850 1859 pag.

1836 1866 1946 1920 238
1963 1904 1980 1932 ,
2021 1867 2216 1938 partim
2243 1868 2530 1922 Frontinus
2556 1885 2572 1920 ε
2605 1867 2681 1920 sic
2705 1868 2848 1922 enim

1831 1946 1955 2000 ille:
1981 1937 2045 2000 Ἐν
2079 1951 2180 2008 τοῖς
2203 1949 2331 2018 ὄρεσι
2352 1950 2455 2008 τοῖς
2489 1949 2612 2018 ὑπὲρ
2639 1947 2854 2018 Πραίνι·

1831 2045 1964 2092 στον,
1979 2027 2012 2084 ἦ
2029 2047 2086 2080 τι
2114 2033 2210 2080 τῶν
2229 2019 2436 2098 Ἑρνίκων
2454 2029 2657 2096 πολίχνη
2678 2026 2856 2081 Καπί-

1827 2115 2018 2170 τουλον,
2042 2108 2126 2160 καὶ
2157 2099 2380 2179 Ampio.
2403 2110 2542 2168 πόλις
2572 2107 2814 2176 ἀξιόλογος
2830 2137 2850 2165 ,

808 2188 899 2240 23.
954 2186 1177 2238 Bos-illa.
1228 2185 1422 2236 Boo-illa
1481 2183 1746 2255 oppidum
1829 2187 1914 2238 καὶ
1954 2187 2240 2256 Κερεαταὶ,
2281 2201 2382 2240 etc.
2430 2188 2536 2240 «In
2585 2187 2860 2240 montibus

729 2265 1020 2329 Frontino,
1048 2265 1143 2316 lib.
1172 2261 1241 2316 de
1268 2264 1461 2318 Colon.
1494 2283 1611 2335 pag.
1645 2265 1744 2326 83,

727 2345 834 2397 tab.
859 2347 1009 2398 Peut.
1040 2345 1259 2397 Bobetlae
1275 2384 1290 2407 ,
1322 2341 1505 2397 decem
1528 2361 1591 2396 n.
1610 2363 1749 2414 pass.

725 2444 755 2477 a
799 2426 967 2476 Roma
988 2463 1003 2487 ,
1035 2425 1091 2475 in
1118 2424 1203 2477 via
1239 2423 1411 2494 Appia
1441 2424 1578 2476 inter
1606 2423 1753 2476 vicos

725 2502 890 2556 hodie
946 2501 1115 2554 dictos
1161 2507 1330 2554 ostium
1370 2503 1658 2556 Fratocchio
1700 2516 1754 2556 et

726 2604 848 2657 capo
866 2582 918 2635 da'
930 2583 1081 2646 Leva,
1108 2596 1165 2635 ut
1176 2581 1287 2634 vult
1303 2583 1632 2636 Mannertus.
1644 2583 1750 2637 En.

809 2669 901 2724 24.
980 2662 1206 2715 Calatiae.
1274 2660 1461 2726 Livio,
1515 2663 1748 2727 Calatia,

727 2744 826 2796 lib.
856 2742 937 2795 IX
958 2778 975 2804 ‚
1012 2760 1128 2811 cap.
1163 2761 1211 2793 2.
1244 2740 1403 2795 Nunc
1427 2740 1573 2794 vicus
1600 2744 1752 2813 igno-

728 2823 879 2887 hilis,
918 2822 975 2873 in
1002 2820 1177 2891 Appia
1204 2821 1289 2873 via
1305 2860 1320 2885 ,
1344 2820 1593 2891 Cajazzo,
1614 2823 1753 2875 inter

730 2904 967 2974 Capuam
1004 2914 1057 2954 et
1090 2902 1469 2954 Beneventum.
1510 2902 1749 2955 Holsten.

733 2982 914 3035 Ham).

814 3061 905 3115 ²5.
950 3060 1195 3113 Casinum.
1246 3060 1404 3114 Nunc
1428 3048 1599 3112 Monte
1633 3060 1755 3114 Cas·

729 3146 849 3195 sino.
870 3142 1051 3193 llum.

812 3226 901 3275 26.
933 3220 1181 3273 Calenum.
1224 3220 1350 3273 Non
1388 3233 1467 3273 est
1493 3220 1748 3283 Carinola,

728 3319 902 3372 prope
919 3300 1201 3352 Massicum
1218 3314 1481 3363 montem,
1498 3312 1560 3353 ut
1579 3290 1752 3353 vicum

731 3394 807 3433 est
848 3377 1069 3431 eruditis
1093 3398 1106 3431 :
1134 3378 1229 3431 sed
1270 3377 1445 3443 Calvi,
1480 3380 1611 3433 citra
1650 3379 1752 3433 Ca-

730 3478 893 3529 puam
924 3458 1037 3510 fere
1091 3476 1147 3509 ιν
1190 3458 1324 3510 mill.
1356 3478 1490 3529 pass.
1525 3459 1678 3513 Cales
1702 3472 1754 3512 et

730 3538 987 3591 Calenum
1014 3535 1159 3588 idem
1188 3536 1448 3609 oppidum
1478 3551 1573 3591 est.
1600 3538 1751 3591 Cale-

602 3670 615 3683 0
728 3637 861 3671 num
916 3615 1268 3686 municipium
1324 3616 1511 3669 Cicero
1563 3627 1753 3681 vocat,

730 3710 867 3750 orat.
895 3697 988 3761 11,
1025 3695 1082 3747 in
1124 3696 1271 3749 Ruu.
1317 3694 1501 3749 Horat.
1552 3694 1645 3751 lib.
1694 3697 1752 3761 1,

730 3768 849 3830 Ode
886 3795 983 3829 ao:
1014 3799 1035 3820 ι
1054 3774 1361 3839 Caecubum,
1386 3788 1439 3827 et
1469 3775 1628 3845 praelo
1653 3774 1777 3829 ἀφ’

730 3856 912 3909 mitam
956 3854 1155 3909 Caleno
1196 3854 1282 3907 Tu
1332 3852 1482 3907 bibes
1524 3874 1696 3909 uvam.
1722 3882 1744 3901 ι.

730 3936 796 3987 Et
821 3935 914 3987 lib.
939 3936 1040 3999 lv,
1068 3930 1186 3986 Ode
1214 3953 1235 3986 1
1252 3950 1309 3985 2:
1339 3960 1360 3980 ιι
1381 3932 1487 3985 Sed
1505 3952 1752 4007 pressum

732 4013 948 4068 Calibus
988 4014 1184 4067 ducere
1235 4012 1491 4065 Liberum
1560 4013 1615 4067 Si
1668 4034 1761 4085 ge·

730 4095 843 4146 stis.
873 4120 892 4139 1·
940 4094 1099 4147 Plura
1125 4092 1193 4146 de
1220 4113 1284 4145 eo
1316 4106 1630 4163 argumento
1658 4094 1760 4149 Ca-

1832 2285 1992 2338 supra
2021 2266 2282 2320 Praeneste
2326 2267 2455 2320 urbs
2493 2264 2852 2320 Hernicorum

1832 2345 1931 2398 sita
1977 2357 2082 2409 cst,
2126 2345 2440 2417 Capitulum
2457 2385 2476 2411 ‚
2519 2358 2576 2399 et
2617 2345 2858 2416 Anagnia

1833 2425 1964 2477 urbs
1985 2424 2205 2496 insignis
2220 2466 2236 2492 ,
2257 2437 2310 2478 et
2337 2425 2586 2480 Cereatoe.
2613 2451 2636 2472 ι
2670 2426 2856 2495 Itaque

1834 2505 1936 2556 erit
1959 2505 2222 2558 Hernicum
2245 2524 2348 2577 pro
2371 2505 2692 2558 Hernicorum
2705 2543 2721 2566 ,
2745 2516 2804 2556 et
2823 2523 2858 2556 a

1836 2583 2053 2639 Cet-ente
2083 2584 2364 2639 Cet-catini.
2385 2584 2676 2639 Frontinus
2702 2602 2858 2649 vero,

1833 2663 1928 2717 lib.
1962 2662 2030 2719 de
2064 2665 2256 2719 Colon.
2294 2684 2413 2736 pag.
2451 2664 2554 2719 85:
2593 2690 2615 2713 ι
2639 2665 2860 2719 Cereate

1834 2743 2072 2797 Mariana
2099 2740 2232 2807 (non
2249 2734 2474 2813 Mariua)
2502 2744 2860 2814 municipium

1835 2822 2034 2877 familia
2073 2824 2134 2879 C.
2179 2825 2340 2879 Marii
2379 2822 2676 2877 obsidebat.
2711 2850 2734 2871 ι
2791 2824 2862 2875 Et

1834 2922 1956 2974 pag.
1984 2921 2007 2956 1
2023 2906 2092 2958 18
2118 2926 2130 2955 :
2169 2930 2192 2953 ι
2211 2904 2482 2958 Ceretium
2508 2894 2655 2973 (lege
2683 2902 2862 2955 Cerea-

1838 2980 1974 3045 ta‘um)
1993 2983 2346 3055 municipium
2367 2982 2570 3037 familia
2587 2982 2748 3036 Marii
2769 2982 2864 3033 oh·

1837 3060 2095 3117 sidebant.
2120 3089 2143 3110 ι
2180 3064 2249 3119 Η.
2281 3095 2361 3107 -—
2387 3063 2702 3134 Capitulum
2727 3062 2862 3114 forte

1838 3140 2002 3195 hodie
2021 3144 2234 3195 Pallam
2245 3182 2262 3207 ‚
2285 3156 2348 3197 ut
2373 3144 2492 3197 vult
2521 3142 2859 3202 Mamertus,

1841 3221 1934 3292 qui
1955 3222 2260 3275 Cereatinos
2277 3222 2512 3293 ignorari
2527 3224 2742 3276 fatetur.
2757 3220 2861 3273 En.

1929 3302 2014 3355 28.
2065 3303 2170 3372 Qui
2198 3302 2438 3355 Mariana
2489 3302 2578 3355 Oh
2607 3300 2864 3355 familiam

1843 3379 1908 3433 C.
1947 3381 2127 3435 Marii.
2152 3382 2336 3435 Ham).

1925 3480 2018 3531 ²9-
2061 3461 2260 3515 Catani.
2312 3488 2335 3511 ι
2361 3462 2556 3515 Coram
2583 3458 2866 3513 Dardanus

1841 3538 2140 3605 condidit‚-
2163 3539 2868 3613 inquitMartianus,lib.VI‚

1840 3638 1961 3690 pag.
1984 3623 2088 3674 206
2102 3658 2120 3685 ‚
2139 3634 2194 3673 et
2217 3621 2382 3673 Solin.
2405 3638 2522 3691 cap.
2543 3638 2610 3687 11,
2631 3637 2754 3691 pag.
2779 3636 2802 3671 1
2817 3625 2867 3671 3.

1843 3699 2042 3753 Lucan.
2080 3700 2175 3754 lib.
2204 3701 2339 3766 Vll,
2377 3719 2514 3754 vers.
2561 3698 2673 3767 393
2696 3738 2712 3762 ‚
2745 3716 2868 3751 vere

1840 3776 2126 3831 admodum
2139 3806 2323 3839 ·····
2338 3780 2565 3843 Gabios,
2581 3778 2872 3850 Veiosque,

1841 3856 2141 3929 Coramque
2175 3860 2400 3913 Pulvere
2434 3861 2522 3913 vix
2551 3870 2700 3913 tectae
2723 3870 2872 3929 pote-

1839 3950 1973 3991 runt
1991 3952 2282 3993 monstrare
2303 3940 2522 3993 ruinae.-
2551 3939 2872 3992 Etiamnunc

1854 4015 1994 4071 Coe-e.
2021 4019 2205 4073 Hum.

1937 4099 2022 4151 3ο.
2080 4098 2519 4153 Castrimom'emes.
2578 4097 2876 4161 Frontino,
