3300 5175
137 4463 157 4611 p-..
138 4410 145 4421 υ
136 4374 144 4393 -

226 4350 237 4357 v

854 435 858 437 Ἴ
968 465 1066 570 48
1486 477 2581 547 c.P11N11NAT.HIsl

964 597 1338 685 Arevacis¹³
1342 596 1642 679 ⁶nomen
1670 608 1852 678 dedit
1881 609 2121 676 fluvius
2149 611 2384 677 Areva.
2409 612 2665 680 Horum
2695 634 2811 679 sex
2834 612 3104 742 oppida:

963 717 1314 815 Saguntia¹
1322 704 1408 804 ³⁷,
1450 732 1519 786 et
1558 713 1854 787 Uxama¹
1861 700 1942 802 ³⁸,
1977 739 2126 809 quae
2170 717 2441 784 nomina
2476 717 2716 786 crebro
2759 717 2936 787 aliis¹
2945 704 2994 755 ³⁹
3037 722 3103 787 in

2269 809 2344 852 14ο

960 828 1118 898 locis
1146 840 1596 943 usurpantur:
1628 837 1947 918 praeterea
1952 821 2284 959 Segovia²
2347 876 2367 909 ,
2395 838 2460 892 et
2485 822 2692 892 nova¹
2700 811 3098 919 “Augusta

956 939 1085 1004 Tei
1088 959 1226 1003 mes
1241 921 1313 964 ¹²⁴
1317 984 1336 1016 ,
1366 934 1638 1025 ipsaque
1670 915 1975 999 Clunia¹‘¹

955 1041 1206 1136 reliqua
1218 1026 1293 1070 ¹⁴¹⁸

952 1279 1149 1346 Najara
1163 1290 1257 1342 est,
1275 1292 1442 1346 prope
1455 1275 1683 1344 Logrono
1697 1273 1976 1325 etherum

955 1376 1166 1410 amnem
1190 1395 1206 1422 ,
1258 1374 1368 1409 esse
1409 1367 1552 1407 certe
1596 1373 1708 1405 non
1752 1365 1932 1423 potuit
1960 1371 1973 1404 τ

953 1456 1114 1510 quam
1142 1449 1319 1489 tamen
1361 1434 1676 1487 sententiam
1718 1432 1977 1503 placuisse

955 1516 1111 1570 video
1151 1516 1338 1570 Suritae
1366 1515 1420 1566 in
1455 1517 1658 1567 Anton.
1699 1513 1973 1584 pag-541.

952 1598 1190 1669 aliisque.
1222 1597 1290 1648 H.
1316 1608 1369 1649 et
1391 1595 1492 1646 En.

1038 1678 1163 1732 136.
1208 1677 1456 1729 Arevaci-5.
1511 1673 1827 1735 Ptolemaeo,
1879 1672 1972 1725 lib.

952 1760 1032 1824 11,
1087 1776 1204 1828 cap.
1233 1761 1286 1810 6.
1342 1748 1634 1826 Ᾱρεουάκαι.
1691 1751 1986 1817 Straboni,

948 1840 1044 1892 lib.
1067 1839 1180 1901 111,
1211 1855 1328 1908 pag.
1357 1840 1486 1889 162.
1519 1825 1802 1903 Ᾰρεουάκοι.
1850 1834 1976 1883 Are-

949 1938 1067 1973 vam
1093 1936 1302 1971 amnem
1320 1932 1462 1967 nunc
1477 1912 1736 1965 Artemon
1756 1924 1966 1970 vocant,

948 2000 1041 2071 qui
1081 1999 1138 2050 in
1202 1997 1500 2049 Pisoracam
1542 1990 1721 2044 influit
1743 2030 1759 2060 ,
1814 2009 1974 2061 supra

950 2078 1255 2132 Vanadotid.
1285 2077 1357 2129 Η.
1389 2088 1442 2127 et
1465 2074 1568 2126 En.

1033 2160 1163 2227 137.
1217 2155 1478 2226 Saguntia.
1540 2152 1646 2203 Vel
1704 2149 1971 2221 Seguntia.

945 2238 1205 2311 Seguntiae
1228 2235 1620 2290 Celtiberorum
1648 2230 1831 2283 Livius
1871 2247 1975 2281 me·

945 2319 1131 2384 minit,
1148 2317 1242 2370 lib.
1258 2314 1518 2377 XXXIV,
1541 2330 1657 2382 cap.
1691 2330 1777 2379 19.
1804 2311 1971 2361 Anto·

944 2400 1104 2452 ninus
1132 2398 1259 2450 item
1290 2393 1592 2464 segontiam
1627 2403 1784 2443 vocat
1802 2430 1819 2457 ‚
1848 2408 1972 2461 quo

940 2498 1086 2532 nunc
1105 2477 1352 2546 Siguenza
1364 2472 1584 2536 dicitur,
1601 2468 1784 2523 decem
1804 2469 1969 2522 leucis

942 2577 971 2612 a
1006 2558 1240 2612 fontibus
1266 2555 1436 2608 amnis
1463 2553 1724 2616 Henarez,
1775 2551 1832 2603 in
1856 2567 1971 2619 pro·

943 2639 1173 2691 vinciade
1204 2634 1577 2691 Guadalaxara.
1611 2632 1681 2684 H.
1714 2641 1768 2686 et
1791 2631 1898 2682 En.

1027 2739 1050 2773 1
1065 2721 1160 2772 38.
1184 2718 1390 2770 Uxama.
1406 2713 1610 2765 Uxama
1626 2728 1840 2781 quoque
1863 2711 1971 2761 An-

941 2799 1155 2862 tonino,
1183 2797 1239 2849 in
1271 2795 1460 2848 itinere
1491 2793 1557 2845 ab
1585 2791 1830 2843 Asturica
1854 2790 1969 2842 Cae-

935 2889 1295 2951 sat-augustam
1313 2893 1327 2928 :
1342 2893 1370 2927 a
1384 2871 1675 2925 Numantia
1694 2889 1727 2922 ι.
1751 2888 1815 2923 ιι.
1834 2887 1969 2940 pass.

935 2967 1093 3015 Nunc
1118 2959 1168 3011 el
1181 2958 1352 3025 But-go
1378 2952 1616 3016 d'Osma,
1645 2948 1715 3003 ad
1737 2949 1967 3002 Durium

936 3059 1147 3092 amnem
1160 3079 1176 3101 ,
1193 3038 1248 3088 in
1259 3037 1508 3106 provincia
1521 3033 1581 3083 de
1595 3030 1740 3083 Soria
1753 3069 1767 3093 ,
1780 3029 1969 3099 viginti

937 3120 1149 3172 circiter
1172 3116 1336 3169 leucis
1365 3133 1394 3167 a
1435 3113 1708 3181 Siguenza,
1738 3120 1967 3181 septem·

938 3200 1168 3252 trionem
1188 3214 1385 3250 versus.
1416 3193 1483 3245 H.
1512 3204 1563 3244 et
1594 3192 1697 3243 En.

1027 3297 1046 3329 1
1061 3278 1153 3347 39.
1173 3278 1306 3330 Aliis
1327 3279 1377 3327 in
1395 3275 1527 3326 locis.
1539 3272 1678 3323 Nam
1702 3282 1755 3322 et
1773 3269 1969 3340 Segon-

937 3360 1063 3411 tiam
1087 3357 1303 3410 alteram
1319 3374 1350 3407 a
1375 3355 1873 3422 caesaraugustanus
1900 3366 1964 3401 ιιι.

935 3457 1069 3510 pass.
1098 3437 1258 3489 habet
1288 3433 1614 3490 Antoniane,
1647 3448 1792 3482 nunc
1806 3429 1960 3499 Epaela

935 3518 1158 3580 dicitur,
1184 3529 1243 3568 ut
1264 3526 1408 3567 recte
1429 3510 1567 3564 vidit
1581 3512 1670 3562 Jo.
1697 3509 1957 3562 Francisc.

935 3596 1171 3659 Andrez,
1193 3614 1306 3666 cap.
1331 3613 1382 3658 2,
1400 3611 1521 3663 pag·
1542 3590 1634 3660 39.
1653 3590 1723 3641 Et
1742 3589 1959 3641 alteram

931 3680 1194 3732 Uxamam
1219 3691 1389 3745 prope
1423 3669 1761 3740 Corugnam
1748 3687 1801 3720 ιιι
1832 3668 1959 3721 Ga!-

931 3759 1092 3812 laeciae
1118 3757 1295 3807 littore
1311 3750 1546 3823 agnoscit
1554 3749 1808 3807 Mariana,
1821 3747 1958 3800 Hist.

929 3840 1026 3892 lib.
1055 3839 1168 3899 111,
1199 3853 1315 3905 cap.
1351 3834 1454 3894 18,
1485 3847 1605 3901 pag.
1645 3831 1776 3882 118.
1819 3827 1959 3880 Sunt

932 3933 983 3972 et
999 3919 1114 3971 aliae
1131 3955 1146 3980 ,
1169 3932 1300 3987 quas
1316 3913 1514 3964 referre
1535 3928 1645 3961 non
1668 3921 1745 3960 est
1757 3907 1851 3959 otii
1864 3926 1959 3959 no-

931 4000 1042 4052 stri.
1072 3999 1251 4050 Ηιιιι).

1018 4097 1039 4130 1
1057 4084 1142 4139 40.
1171 4077 1391 4145 Segovia.
1415 4065 1658 4140 Σεγουὸία.
1682 4068 1738 4119 in
1765 4068 1959 4119 Areva-

931 4157 1005 4208 cis
1024 4175 1237 4228 quoque
1258 4154 1570 4212 Ptolemaeo,
1596 4150 1688 4201 lib.
1711 4149 1791 4211 11,
1818 4167 1864 4199 c.
1899 4152 1950 4199 6.

1979 914 2403 998 ³Celtiberiae
2435 929 2603 999 finis.
2629 931 2735 1000 Ad
2758 933 3098 1000 Oceanum

1329 1052 1656 1133 vergunt,
1689 1035 2099 1131 Vardulique
2136 1061 2217 1104 ex
2252 1035 2620 1131 praedictis,
2652 1053 2719 1106 et
2756 1038 3097 1108 Cantabri.

2064 1272 2189 1324 Non
2217 1291 2276 1324 en
2304 1284 2384 1325 est
2413 1291 2531 1344 quo
2562 1274 2703 1327 inter
2728 1274 2787 1324 V
2780 1274 3027 1327 auadotid
3048 1290 3099 1329 et

2064 1352 2273 1404 Madv-id
2312 1351 2476 1406 hodie
2521 1351 2728 1423 Segovia
2768 1355 2979 1408 dicitur:
3008 1354 3097 1408 sed

2064 1433 2227 1485 altera
2242 1471 2257 1480 .
2268 1430 2507 1504 ejusdem
2537 1433 2774 1485 nominis
2813 1435 3065 1488 urbecula
3080 1475 3095 1500 ,

2063 1531 2181 1583 quae
2210 1512 2309 1564 sub
2332 1510 2517 1564 eadem
2546 1513 2657 1564 sere
2679 1513 2793 1565 caeli
2819 1527 3001 1585 parte,
3028 1528 3100 1567 at·

2069 1609 2174 1662 que
2203 1591 2316 1663 ipsa
2339 1591 2654 1655 Numantia,
2681 1591 2976 1665 eodemque
2997 1596 3097 1648 situ

2061 1689 2091 1723 a
2112 1672 2396 1725 Ptolemaeo
2428 1672 2730 1725 collocatur.
2753 1674 2823 1725 Η.
2848 1686 2902 1726 et
2926 1676 3029 1727 En.

2148 1769 2171 1803 1
2186 1758 2216 1815 4
2230 1771 2252 1805 1
2267 1790 2279 1803 .
2296 1752 2439 1804 Nova
2460 1752 2708 1821 Augusta.
2741 1753 2806 1804 Et
2836 1754 2891 1804 in
2909 1756 3097 1807 Areva·

2058 1832 2133 1884 cis
2147 1831 2434 1883 Ptolemaeo
2453 1827 2873 1901 Νοουὸαυγοὺστα
2887 1867 2905 1896 ,
2927 1852 3096 1905 prope

2062 1911 2362 1981 Segobiam.
2380 1912 2560 1963 Hnm.

2148 1998 2273 2054 142.
2309 1992 2516 2043 Termes.
2543 1993 2733 2061 Τίρμης
2757 1992 2815 2042 in
2842 1993 3095 2046 Arevacis

2060 2070 2365 2123 Ptolemaeo.
2385 2073 2623 2141 Τιρμισὸν
2644 2073 2782 2145 πρλιν
2808 2086 2965 2126 vocat
2990 2074 3095 2144 Ap-

2058 2151 2248 2221 pianus
2270 2151 2325 2203 in
2348 2151 2488 2203 Iber.
2504 2168 2620 2222 pag.
2646 2150 2677 2202 3
2692 2169 2713 2203 1
2733 2170 2779 2203 1.
2800 2150 2945 2205 Hinc
2962 2154 3094 2205 Ter-

2060 2231 2271 2283 mestini
2319 2231 2513 2300 populi
2539 2270 2554 2294 ,
2592 2229 2739 2300 apud
2780 2232 2996 2286 Livium
3038 2234 3092 2284 in

2059 2310 2337 2381 Epitome‚
2369 2310 2463 2363 lib.
2494 2311 2642 2371 LIV,
2685 2323 2740 2362 et
2772 2313 2920 2365 natio
2950 2314 3090 2365 Ter·

2058 2391 2281 2442 mestina
2314 2388 2454 2460 apud
2498 2391 2667 2443 Tacit.
2699 2392 2887 2444 Annal.
2917 2392 2952 2443 l.
2984 2394 3089 2455 lv,

2056 2488 2170 2540 cap.
2215 2471 2305 2531 45.
2347 2470 2504 2522 Nunc
2540 2471 2740 2535 Lerma,
2770 2469 2841 2525 ad
2878 2490 3088 2524 amnem

2057 2550 2319 2616 Atlanta,
2348 2549 2442 2622 qui
2465 2551 2521 2604 in
2548 2549 2775 2603 fluvium
2799 2551 3089 2616 Arlanzon,

2056 2629 2125 2684 de
2164 2650 2273 2703 quo
2296 2649 2456 2702 supra
2486 2629 2750 2696 diximus,
2795 2632 2989 2685 influit.
3022 2640 3086 2685 Η.

2057 2724 2111 2763 et
2129 2711 2232 2763 En.

2144 2790 2271 2856 143.
2305 2791 2501 2845 Clunia.
2528 2792 2597 2844 Et
2618 2791 2771 2844 haec'
2754 2811 2811 2844 ιιι
2838 2794 3089 2846 Arevacis

2057 2871 2360 2924 Ptolemaeo.
2392 2872 2551 2925 Dioni
2593 2890 2806 2942 quoque
2837 2874 3084 2938 Κλουνῖα,

2055 2950 2148 3003 lib.
2175 2952 2436 3015 XXXIX,
2467 2969 2583 3023 pag.
2614 2971 2635 3004 1
2654 2950 2742 3005 15.
2773 2953 2921 3005 Inter
2951 2955 3088 3006 Rau·

2058 3029 2181 3083 dam
2207 3030 2277 3083 ad
2297 3032 2530 3083 Durium
2548 3070 2563 3095 ,
2587 3032 2797 3083 Aranda
2820 3034 2881 3084 de
2898 3034 3083 3097 Decem,

2057 3124 2110 3163 et
2120 3111 2403 3177 Uxamam,
2417 3106 2587 3175 Osn'w,
2606 3110 2784 3163 medio
2802 3112 2915 3165 fere
2928 3114 3085 3165 inter-

2055 3190 2195 3242 vallo
2218 3191 2284 3243 ab
2306 3192 2580 3243 Antonino
2601 3191 2911 3245 collocatur.
2929 3193 3083 3244 Nunc

2053 3287 2221 3340 pagus
2272 3270 2473 3323 Corm‘ia
2518 3272 2602 3323 del
2647 3270 2841 3336 Conde,
2880 3285 3079 3342 septem

2054 3350 2223 3402 leucis
2269 3350 2337 3401 ab
2385 3362 2627 3422 utraque.
2669 3351 2751 3403 Ibi
2792 3364 3082 3404 conventus

2052 3429 2352 3483 Cluniensis
2389 3442 2661 3501 repertum
2691 3448 2802 3483 esse
2848 3432 3076 3503 sig-illum

2048 3510 2227 3573 aiunt,
2259 3521 2313 3560 et
2341 3528 2374 3561 a
2412 3509 2517 3562 loci
2542 3507 2761 3562 domino
2807 3512 3076 3565 asservari.

2050 3589 2351 3642 Celtiberiae
2369 3589 2491 3640 finis
2510 3591 2556 3640 is
2590 3587 2805 3654 dicitur,
2824 3591 3074 3662 quoniam

2049 3667 2118 3721 ad
2130 3687 2373 3722 occasum
2390 3669 2809 3740 equinoctialem
2822 3673 3078 3723 suntVet-

2050 3762 2234 3813 tones,
2263 3746 2330 3800 ad
2357 3748 2592 3801 aestivum
2619 3751 2866 3815 Astures,
2894 3769 3028 3821 quos
3046 3770 3075 3802 a

2045 3828 2369 3881 Vettonibus
2387 3829 2585 3881 Durius
2605 3829 2778 3882 amnis
2814 3828 3075 3883 distermi-

2043 3920 2159 3961 nat:
2177 3909 2419 3961 Arevacae
2431 3906 2663 3982 denique
2673 3907 2739 3961 ad
2756 3910 3073 3963 Boream-H.

2132 3994 2255 4051 144.
2301 3990 2506 4059 Reliqua
2549 4001 2774 4059 vergunt.
2817 3989 3072 4060 Reliqua,

2043 4067 2247 4138 inquit,
2285 4086 2403 4139 quai
2437 4069 2709 4141 pertinent
2739 4067 2810 4122 ad
2844 4088 3071 4122 conven-

2041 4160 2155 4199 tum
2195 4148 2535 4202 Cluniensem
2563 4167 2578 4200 ε
2608 4162 2669 4203 ut
2707 4147 3069 4202 vardulorum
