3300 5175
25 1932 48 2103 0--20-
39 1916 44 1921 .

804 765 868 819 15

911 406 1010 481 50
1450 402 1528 475 C.
1587 404 1941 475 PLINII
1994 406 2197 477 NAT.
2254 406 2512 477 HIST.

905 538 1132 629 lerini,
1171 534 1492 625 Callaici,
1527 539 1874 633 Hequaesi,
1918 539 2193 626 Limici,
2235 538 2701 633 Quemquam,
2748 539 2915 611 citra
2954 540 3056 611 fa-

905 646 1172 717 stidium
1213 644 1663 715 nominentur.

1014 736 1488 848 Longitudo¹⁵⁶
1524 751 1849 823 citerioris
1890 752 2227 848 Hispanias
2266 764 2400 840 est,
2454 750 2543 821 ad
2576 750 2779 823 finem
2824 754 3057 823 Castu·

903 861 1074 934 lonis
1119 884 1162 929 a
1198 862 1550 953 Pyrenaeo,
1585 873 1899 988 sexcenta
1941 878 2194 955 septem
2230 883 2313 929 m.
2345 884 2563 954 pass„
2601 871 2670 928 et
2710 883 2835 929 ora
2860 858 3060 954 paulo

905 965 1211 1064 amplius.
1232 950 1608 1035 Latitudo¹⁵
1611 965 2087 1036 ⁷aTarracone
2101 965 2185 1035 ad
2208 965 2391 1036 littus
2410 964 3059 1055 Olarsonis,cccvn·

906 1078 967 1144 E
993 1056 1418 1143 radicibus¹⁵⁸
1469 1073 1763 1166 Pyrenaei
1780 1118 1803 1159 ‚
1844 1072 1961 1143 ubi
2002 1087 2327 1143 cuneatur
2368 1072 2687 1169 angustiis
2722 1074 2894 1142 inter
2926 1072 3059 1143 duo

907 1181 1140 1264 maria,
1171 1178 1487 1273 paulatim
1529 1177 1769 1249 deinde
1806 1204 1877 1249 se
1900 1179 2237 1310 pandens,
2272 1203 2405 1273 qua
2436 1180 2767 1275 contingit
2792 1178 3061 1249 ulterio-

909 1312 1054 1356 rem
1097 1285 1481 1380 Hispaniam
1500 1337 1521 1374 ,
1579 1284 2031 1356 tantumdem²
2038 1271 2088 1325 ⁵⁹
2144 1300 2213 1355 et
2249 1284 2533 1382 amplius
2569 1284 2901 1355 latitudini
2938 1286 3061 1356 ad-

905 1394 1070 1487 jicit.
1109 1390 1398 1461 Metallis
1418 1389 1704 1486 plumbi,
1729 1392 1889 1462 ferri
1904 1394 2135 1481 ‚am-is,
2166 1394 2463 1523 argenti,
2481 1393 2661 1478 auri,
2690 1404 2832 1462 tota
2852 1392 3063 1463 ferme

913 1500 1234 1596 Hispania
1262 1513 1509 1569 scatet.
1537 1500 1829 1569 Citerior
1860 1514 1931 1569 et
1951 1483 2490 1596 specularibus²⁶⁰
2522 1498 2893 1593 lapidibus.
2924 1502 3063 1569 Βω-

913 1609 1047 1676 tica
1082 1619 1151 1674 et
1199 1606 1430 1674 minio.
1486 1606 1661 1674 Sunt
1699 1620 1767 1675 et
1808 1631 2220 1675 marmorum
2279 1604 2693 1737 lapicidinae¹⁶
2720 1607 3067 1676 Universae

915 1712 1250 1809 Hispaniae
1315 1712 1765 1807 Vespasianus
1835 1715 2213 1809 Imperator
2278 1696 2717 1809 Augustus*
2778 1710 3068 1805 jactatus

915 1926 962 1980 si
977 1964 994 1991 ,
1013 1925 1071 1979 in
1099 1922 1340 1995 inscript.
1361 1940 1486 1977 mox
1503 1922 1737 1979 citanda.
1754 1924 1953 1995 Δῳαοὶ

915 2005 1207 2060 Ptolemaeo
1247 2020 1464 2057 rursum
1505 2004 1759 2075 appellati
1776 2042 1793 2073 ,
1826 2022 1952 2058 cum

917 2083 1124 2159 oppido
1167 2082 1316 2156 quod
1342 2084 1490 2154 Φόρον
1533 2090 1751 2155 Atyanas
1779 2096 1951 2137 vocat.

916 2163 1202 2236 Inscriptio
1228 2175 1379 2217 vetus
1417 2161 1560 2234 apud
1589 2165 1805 2217 Gruter.
1834 2181 1954 2235 pag.

923 2244 1032 2307 245
1048 2245 1270 2298 :Butam
1286 2243 1592 2297 Connmn
1607 2245 1845 2306 Eovssr.
1863 2244 1956 2295 11-

920 2342 1210 2378 unnncr.
1252 2324 1472 2377 Lnnct.
1501 2325 1738 2377 AEmsoc.
1768 2322 1955 2388 Qvan-

919 2422 1152 2468 Qvniuu.
1185 2402 1340 2457 Prius
1368 2402 1644 2474 legebatur
1670 2404 1728 2457 in
1750 2402 1957 2469 Plinio,

921 2484 1095 2537 Vibali
1105 2521 1122 2546 ‚
1148 2494 1201 2535 et
1213 2500 1346 2536 voce
1375 2482 1530 2537 unica
1555 2502 1586 2537 e
1604 2481 1813 2537 duabus
1832 2501 1959 2537 con·

918 2563 1047 2620 flata
1065 2562 1380 2635 AEquesiliei.
1395 2561 1507 2616 Nos
1535 2562 1833 2618 litterarum
1864 2580 1957 2616 or-

917 2643 1046 2698 dine
1084 2641 1344 2697 admoniti
1359 2679 1378 2706 ,
1409 2655 1464 2696 et
1475 2654 1809 2698 vetustorum
1838 2662 1957 2696 mo-

917 2735 1303 2780 numentorum
1325 2720 1464 2783 fide,
1497 2723 1675 2776 locum
1714 2723 1957 2776 correxi-

917 2823 1056 2858 mus.
1075 2805 1254 2876 Aquas
1273 2801 1661 2872 Querquennas
1676 2821 1709 2856 a
1734 2802 1960 2857 Bracara

919 2884 1115 2939 distare
1142 2883 1214 2936 ait
1235 2880 1569 2948 Antoninus,
1588 2899 1697 2936 nm
1732 2899 1797 2936 κ.
1818 2901 1956 2953 pass.

919 2961 1220 3035 Κουακιρνοὶ
1233 2973 1358 3016 sunt
1371 2949 1957 3027 Ptolemoo‚et''18a⁴roe

923 3049 1264 3116 Κουωωρνῶν.
1291 3041 1484 3096 Halm.

1013 3143 1037 3178 1
1051 3123 1138 3176 56.
1177 3120 1456 3192 Longimdo
1469 3152 1687 3169 ......
1734 3133 1958 3176 sumta

927 3215 1102 3275 septem
1120 3203 1197 3256 M.
1216 3221 1352 3272 pass.
1375 3201 1674 3256 Martianus
1688 3234 1706 3261 ‚
1732 3201 1830 3256 lib.
1848 3202 1958 3268 VI,

929 3301 1046 3356 cap.
1070 3281 1139 3335 de
1158 3281 1412 3353 Hispania
1427 3321 1444 3348 ,
1467 3299 1588 3353 pag.
1618 3281 1751 3335 203.
1770 3282 1958 3336 Hsnn.

930 3363 1125 3415 ——Hic
1147 3373 1328 3416 autem
1353 3361 1582 3420 multum
1602 3379 1636 3414 a
1653 3378 1785 3414 vero
1806 3362 1961 3416 aber·

931 3456 1016 3497 rat
1040 3441 1268 3508 Noster3
1299 3441 1596 3494 maximum
1631 3440 1777 3494 enim
1824 3441 1963 3494 inter

934 3519 1239 3578 Castulonis
1252 3519 1388 3574 fines
1409 3533 1464 3574 et
1478 3519 1721 3590 Pyrenaei
1742 3523 1865 3592 juga
1886 3520 1965 3574 in·

938 3599 1222 3658 tervallum
1250 3600 1342 3653 vix
1371 3617 1598 3653 ccccux
1622 3616 1688 3653 11.
1712 3619 1849 3674 pass.
1868 3613 1965 3654 est.

937 3685 1106 3738 Recte
1127 3691 1308 3732 autem
1332 3677 1485 3733 addit
1505 3691 1557 3730 et
1575 3699 1663 3731 ora
1678 3680 1831 3750 paulo
1864 3699 1967 3732 am.

935 3763 1097 3836 plius,
1121 3777 1243 3813 uam
1270 3776 1300 3811 a
1323 3759 1522 3814 finibus
1541 3758 1746 3831 Mur-gis
1768 3758 1840 3815 ad
1863 3760 1971 3833 1²5-

946 3859 1184 3896 renaeum
1214 3840 1644 3912 promontorium
1682 3859 1973 3896 numeran-

949 3935 1042 3976 tur
1057 3919 1270 3976 circiter
1287 3936 1430 3972 ncxx
1448 3937 1515 3974 11.
1535 3937 1672 3992 pass.
1696 3918 1801 3973 En.

1017 4002 1144 4074 ¹⁵7·
1163 3999 1428 4054 Latitudo.
1453 4031 1468 4048 .
1493 4031 1509 4047 .
1533 4031 1548 4047 .
1580 3998 1972 4055 CCCV11.1130

933 4081 1090 4136 etiam
1103 4093 1242 4136 errat
1252 4082 1472 4138 Noster:
1485 4091 1635 4134 recto
1647 4080 1792 4134 enim
1806 4099 1971 4136 cursu

2040 1925 2306 1989 Tarraco,
2340 1921 2509 1977 hodie
2552 1924 2847 1994 Tan-gom
2866 1962 2885 1989 ,
2912 1943 2947 1978 a
2979 1924 3069 1977 lit·

2038 2016 2155 2058 tore
2182 2003 2480 2069 Oiarsonis,
2511 2000 2677 2057 hodie
2705 2003 2973 2075 Oymun,
3000 2002 3071 2058 de

2038 2102 2145 2155 qua
2171 2084 2335 2149 urbe,
2357 2084 2453 2137 lib.
2474 2084 2577 2149 1v,
2598 2101 2714 2156 cap.
2741 2082 2814 2147 34
2832 2121 2851 2149 ,
2872 2082 3071 2137 dicturi

2041 2181 2254 2229 sumus,
2281 2162 2369 2217 vix
2390 2182 2486 2217 ccx
2506 2180 2573 2217 κ.
2596 2181 2737 2235 pass.
2760 2161 2941 2218 distat.
2965 2162 3071 2215 En.

2126 2245 2257 2297 158.
2289 2244 2344 2296 Ε
2371 2242 2629 2297 radicibus.
2658 2243 2747 2297 sic
2786 2244 2841 2296 in
2882 2242 3067 2298 Chiffl.

2041 2323 2221 2377 Dalec.
2248 2334 2301 2377 et
2324 2324 2441 2377 1⁴:11..
2462 2324 2543 2376 Ee
2559 2322 2819 2377 radicibus.
2840 2320 2953 2379 En.

2130 2422 2153 2457 1
2167 2404 2259 2471 59.
2287 2402 2603 2456 Tantundem
2620 2415 2671 2455 ee
2688 2403 2916 2474 anplius.
2944 2402 3075 2457 Hac

2042 2483 2239 2537 rectius
2264 2484 2495 2538 Noster:
2518 2502 2645 2537 nam
2673 2502 2702 2537 a
2728 2483 2925 2537 Dianio
2948 2502 3074 2556 pro-

2042 2563 2315 2618 montorio
2358 2561 2429 2618 ad
2472 2562 2634 2618 ninii
2680 2563 2817 2618 ostia
2856 2564 3073 2619 circiter

2044 2663 2157 2697 »ωε
2188 2661 2254 2698 κ.
2288 2662 2429 2715 pass.
2455 2657 2831 2698 numerantur.
2862 2646 2970 2698 En.

2131 2726 2261 2777 160.
2304 2723 2642 2795 Speculoeibus
2678 2724 2922 2795 lapidibus
2946 2725 3073 2779 Vct.

2042 2819 2133 2874 ap.
2159 2802 2339 2858 Dalec.
2370 2803 2647 2875 Specularit
2670 2803 2849 2875 lapidis
2873 2824 2896 2858 .-
2914 2805 3075 2858 Baet-

2010 2881 2015 2886 ’
2044 2902 2103 2936 oa
2120 2895 2171 2934 et
2184 2887 2331 2936 ηοὲηἱο
2350 2895 2399 2936 et
2418 2902 2701 2936 mmmm
2718 2884 3077 2957 lapidicinis—-

2043 2963 2127 3018 De
2160 2963 2245 3016 his
2281 2960 2519 3018 dicemus
2554 2965 2941 3035 opportunius,
2976 2965 3073 3018 lib.

2044 3043 2280 3108 XXXV,
2314 3061 2431 3116 cap.
2467 3043 2561 3106 45.
2592 3041 2700 3098 En.

2132 3125 2258 3176 161.
2290 3124 2535 3176 Iactatus.
2568 3122 2642 3175 vi
2676 3141 2741 3176 ac
2769 3120 3075 3177 necessitate

2044 3199 2273 3272 quadam
2296 3221 2601 3274 expressam
2618 3221 2731 3256 esse
2754 3221 2875 3257 eam
2893 3204 3079 3257 libera·

2045 3281 2249 3335 litatem
2271 3282 2477 3348 innuit,
2498 3295 2561 3336 ut
2576 3282 2845 3354 Hispanos
2862 3283 2969 3336 sibi
2988 3281 3077 3337 de-

2045 3361 2275 3416 vinciret
2294 3381 2310 3416 :
2332 3380 2498 3436 quum
2505 3365 2795 3435 jactaretur
2812 3363 2931 3435 ipse
2952 3362 3073 3416 Rei-

2046 3441 2279 3514 publicae
2312 3443 2593 3514 procellis,
2634 3442 2741 3496 hoc
2786 3454 2899 3509 est,
2932 3443 3076 3496 civili

2050 3520 2193 3574 hello
2218 3520 2423 3576 Vitellii
2436 3561 2453 3586 ‚
2472 3535 2532 3576 ut
2551 3521 2794 3576 levamen
2814 3520 2875 3577 id
2902 3521 3076 3595 quod-

2052 3599 2177 3654 dam
2193 3619 2379 3654 eorum
2408 3600 2729 3656 damnorum
2754 3603 2942 3668 fuerit,
2958 3621 3077 3674 qun

2054 3681 2128 3734 ob
2158 3680 2335 3734 civilia
2362 3683 2755 3754 Imperatorum
2778 3682 2919 3736 bella
2952 3701 3077 3754 per-

2055 3779 2206 3834 pessa
2226 3774 2356 3814 esset
2378 3762 2650 3834 Hispania.
2676 3761 3077 3819 Immunitatem

2058 3859 2091 3894 a
2112 3841 2355 3907 tributis,
2379 3842 2491 3897 sive
2517 3839 2775 3896 Claudius
2792 3843 2934 3914 Imp.
2964 3843 3077 3896 sive

2059 3921 2389 3976 anteriorum
2414 3921 2604 3994 aliquis
2635 3919 2831 3976 iisdem
2866 3941 3079 3976 conces-

2060 4013 2218 4063 serat,
2238 4001 2317 4054 uti
2344 4021 2409 4056 ex
2440 4001 2639 4057 &neca
2652 4002 2983 4076 colligimus,
3008 3998 3078 4055 de

2049 4081 2353 4138 «Benemih.
2372 4083 2603 4155 VI,cap.
2630 4101 2717 4152 ¹9·
2741 4081 2811 4135 H.
