3300 5175
783 600 812 628 t
1101 568 1418 635 LIBER
1472 570 1618 634 111.
2302 568 2397 639 83

267 703 714 794 Latinumque
748 725 786 769 a
823 700 1146 769 Vaticano
1169 697 1218 723 ¹⁰
1244 699 1555 768 dirimens
1587 724 1600 765 ε
1637 698 1753 767 sed
1787 698 2019 767 infra¹¹
2060 702 2413 771 Aretinum·

267 806 540 877 Glanim
594 806 854 876 duobus
900 820 969 875 et
1020 804 1454 900 quadraginta
1503 805 1721 873 fluviis
1759 818 2025 889 auctuS‚
2064 810 2409 904 praecipuis

267 927 496 983 autem
533 914 714 983 Nare
747 928 816 983 et
849 914 1132 1032 Aniene,
1170 912 1283 1006 qui
1321 926 1390 979 et
1424 913 1564 1006 ipse
1595 908 1980 1005 navigabilis
2018 914 2339 983 Latium
2322 940 2411 981 in-

269 1019 486 1090 cludit
518 1044 554 1087 a
600 1034 830 1115 tergo:
864 1044 988 1087 nec
1025 1019 1244 1087 minus
1287 1032 1509 1087 tamen
1556 1019 1743 1112 aquis
1763 1015 1809 1041 ¹²
1856 1041 1933 1087 ac
1976 1031 2079 1087 tot
2120 1018 2412 1091 fontibus

269 1128 342 1194 in
383 1126 646 1195 Urbem
682 1124 1066 1221 perductis:
1101 1139 1168 1193 et
1205 1110 1421 1193 ideo*
1463 1122 1826 1243 quamlibet
1870 1148 2261 1220 magnarum
2305 1152 2416 1196 na-

273 1233 460 1300 vium
499 1256 582 1300 ex
607 1232 776 1301 Italo
803 1233 974 1301 mari
1007 1254 1244 1325 capax,
1277 1254 1499 1299 rerum
1533 1232 1599 1298 in
1629 1244 1773 1300 toto
1808 1230 1971 1299 orbe
2002 1234 2414 1303 nascentium

275 1352 609 1408 mercator
635 1337 1135 1433 placidissimus,
1162 1336 1462 1431 pluribus
1485 1361 1696 1432 prope
1728 1336 1905 1406 solus
1922 1391 1941 1424 ,
1970 1362 2171 1432 quam
2198 1341 2419 1408 caeteri

277 1446 350 1513 in
415 1445 724 1513 omnibus
785 1445 978 1513 terris
1037 1468 1297 1562 amnes,
1351 1442 1691 1531 accolitur,
1744 1445 2189 1539 aspiciturque
2230 1444 2417 1514 villis.

277 1549 590 1645 Nullique
627 1550 982 1620 fluviorum
1018 1550 1236 1619 minus
1278 1548 1466 1633 licet,
1510 1548 1779 1619 inclusis
1821 1551 2159 1688 utrimque
2198 1550 2494 1621 lateri-3

279 1658 440 1725 bus:
463 1681 585 1726 nec
609 1670 832 1725 tamen
857 1657 998 1752 ipse
1021 1670 1308 1751 pugnat,
1336 1680 1716 1750 quanquam
1740 1655 1973 1725 creber
1999 1657 2111 1726 ac¹
2118 1644 2427 1787 455ιι1ιίῐιι5

281 1764 742 1849 incrementis,
769 1777 838 1832 et
867 1786 1192 1857 nusquam
1220 1762 1428 1855 magis
1457 1764 1644 1855 aquis
1672 1786 1873 1856 quam
1905 1762 1974 1830 in
2004 1762 2184 1857 ipsa¹
2190 1749 2427 1833 ⁵Urbe

283 1868 766 1965 stagnantibus.
804 1869 1046 1957 Quin
1027 1892 1233 1937 immo
1273 1881 1458 1935 vates
1503 1866 1891 1997 intelligitur
1927 1872 2147 1963 potius
2184 1893 2263 1939 ac
2292 1896 2432 1939 mo-

283 1978 489 2063 nitor,
523 1990 723 2044 auctu
761 2000 1024 2070 semper
1060 1973 1400 2069 religiosus
1439 1998 1661 2043 verius
1732 2028 1752 2061 ,
1794 1998 1996 2104 quam
2037 2000 2267 2045 saevuS.

397 2056 730 2151 Latium¹⁷
762 2083 1108 2175 antiquum
1144 2104 1184 2149 a
1209 2080 1429 2149 Tiberi
1463 2065 1820 2149 Circeios-⁸
1857 2080 2257 2150 servatum¹⁹
2293 2097 2427 2169 est,
2474 2105 2503 2161 ά

382 2264 472 2299 10.
492 2245 547 2299 A
567 2246 826 2298 Vaticano.
861 2246 972 2310 Qui
989 2244 1063 2299 cis
1081 2245 1319 2298 Tiberim

289 2327 398 2381 fuit
419 2364 436 2391 ,
465 2326 532 2379 ab
565 2325 735 2378 Roma
769 2342 950 2379 versus
984 2324 1321 2396 septemtrio·

289 2424 420 2460 nem
439 2444 454 2470 ,
479 2405 610 2458 etin
636 2418 810 2457 vetere
829 2404 1060 2457 Etruria.
1084 2404 1211 2457 Liv.-
1227 2404 1320 2456 lib.

295 2488 386 2551 X,
412 2504 530 2555 cap.
565 2488 655 2538 26.
690 2484 874 2536 lium.

389 2582 412 2616 1
429 2584 483 2619 1.
510 2562 612 2618 Sed
635 2566 764 2630 infra
781 2564 1067 2629 Antinum,
1093 2564 1324 2618 etc.Vet.

299 2647 444 2699 Intra
504 2647 700 2697 Tiniam
753 2657 801 2695 et
865 2644 1082 2699 Glam'm.
1134 2645 1280 2714 Lego
1303 2683 1320 2708 ,

299 2727 434 2778 ultra
469 2726 520 2777 T
515 2727 662 2777 inians
701 2727 812 2776 item
846 2723 1046 2778 Glanim
1085 2745 1112 2774 e
1143 2724 1326 2776 duobus

299 2805 632 2877 quadraginta
660 2838 678 2867 ,
731 2817 828 2857 etc.
878 2805 1079 2856 Duae.
1121 2833 1200 2844 —
1223 2801 1328 2857 Sed

301 2903 332 2938 a
361 2883 666 2938 confluente
693 2881 908 2946 Glanis,
930 2883 1102 2954 quiin
1129 2881 1327 2936 finibus

303 2964 650 3018 Aretinorum
666 2963 864 3026 oritur,
878 2961 948 3015 ad
966 2979 1114 3015 mare
1135 2981 1326 3033 usque,

301 3043 522 3098 Tiberis
550 3041 662 3096 duo
691 3055 746 3096 et
771 3043 868 3095 XL
909 3042 1106 3113 excipit
1147 3041 1330 3095 flumi-

303 3141 378 3176 na
406 3141 421 3175 :
451 3141 683 3194 quorum
723 3121 986 3193 precipui
1031 3133 1156 3173 sunt
1188 3121 1300 3173 Nar
1316 3160 1331 3190 ,

309 3205 532 3275 ipseque
555 3202 726 3264 Anio,
754 3201 848 3274 qui
871 3202 1000 3253 item
1020 3201 1328 3272 navigabilis

307 3280 540 3336 includit
568 3299 597 3333 a
625 3294 775 3352 tergo
802 3281 1032 3333 Latium.
1059 3279 1206 3344 Quin
1233 3299 1330 3332 nec

307 3362 522 3416 minora
543 3362 868 3414 incrementa
882 3359 1092 3412 Tiberis
1111 3357 1332 3429 adeptus

309 3461 378 3494 ex
422 3453 505 3494 tot
548 3439 700 3511 aquis
738 3457 798 3492 ac
834 3439 1072 3492 fontibus
1107 3439 1330 3491 Romam

309 3518 560 3574 deductis
584 3537 598 3572 :
625 3517 854 3590 ideoque
871 3529 1134 3572 mercator
1151 3536 1333 3570 rerum

311 3613 430 3652 toto
442 3599 574 3652 orbe
587 3599 916 3652 nascentium
927 3595 1336 3669 placidissimus,

313 3693 376 3732 ut
389 3680 484 3750 qui
495 3679 786 3750 quamlibet
798 3695 1104 3748 magnarum
1119 3676 1335 3730 navium

311 3760 384 3812 sit
410 3777 574 3831 mpax
591 3797 608 3824 ,
627 3758 873 3830 pluribus
896 3774 1068 3827 prope
1087 3758 1232 3809 solus
1251 3775 1336 3810 ac-

313 3838 518 3892 colitur
555 3837 917 3910 aspiciturque
949 3837 1107 3889 villis.
1149 3837 1336 3889 Hmn.

407 3937 430 3970 1
446 3937 496 3971 2.
524 3919 686 3990 Aquis
709 3938 768 3970 ac
794 3916 1114 3984 totfonte'bus·
1141 3917 1338 3968 Emen-

315 3996 482 4050 dabat
521 3997 831 4068 menagius,
865 4007 938 4048 tot
980 3998 1116 4068 aquis
1143 4015 1202 4048 ac
1217 3996 1338 4062 fon·

320 4077 466 4131 tibus.
499 4077 605 4131 En.

408 4158 499 4211 13.
533 4159 610 4209 Ee
635 4158 756 4210 ideo.
787 4154 1138 4210 scribendum
1161 4173 1340 4209 cense-

319 4239 413 4290 bat
441 4238 716 4308 Menagius
737 4250 810 4289 est
833 4237 956 4291 ideo.
989 4237 1088 4288 En.

1499 2252 1587 2308 14.
1632 2245 1715 2299 Ac
1758 2244 1960 2298 subitus.
2004 2246 2251 2317 Legimus
2308 2266 2431 2300 cum

1410 2321 1770 2377 eruditissimo
1803 2325 1921 2377 viro
1957 2326 2205 2379 Broterio
2249 2327 2433 2380 subitas

1411 2407 1709 2457 incrementis
1736 2422 1798 2457 ex
1826 2404 1943 2465 MS.
1970 2404 2099 2476 Reg.
2134 2408 2163 2458 5
2188 2446 2203 2471 ,
2230 2418 2283 2459 et
2306 2406 2433 2461 edit.

1411 2484 1670 2556 principe.
1703 2484 1845 2537 Male
1883 2483 2228 2538 emendatum
2261 2486 2319 2539 in
2352 2506 2436 2539 re·

1413 2564 1744 2618 centini-ibus
1761 2605 1776 2628 ,
1803 2564 1986 2617 subitis.
2016 2565 2247 2618 Malebat
2276 2566 2435 2620 etiam

1412 2644 1594 2697 subitus
1621 2643 1960 2710 Harduinu83
1988 2643 2121 2698 illud
2151 2658 2327 2698 autem
2352 2667 2436 2700 re-

1412 2743 1615 2796 ponere
1653 2744 1765 2776 non
1808 2743 1966 2778 ausus
2001 2729 2200 2791 fuerat;
2234 2725 2439 2797 legebat

1411 2815 1588 2857 autem
1617 2803 1793 2857 Dalec.
1825 2803 2002 2856 crebris
2031 2825 2094 2856 ac
2114 2805 2301 2858 subitis.
2330 2807 2435 2859 En.

1501 2882 1590 2936 15.
1639 2885 1699 2935 Iu
1740 2887 1845 2953 ipsa
1886 2884 2015 2937 urbe.
2057 2887 2214 2937 Anno
2254 2885 2322 2937 U.
2373 2887 2435 2939 C.

1416 2961 1550 3027 565,
1564 2961 1852 3015 duodecies
1872 2963 2135 3034 Campum
2165 2964 2439 3031 Martium,

1415 3051 1468 3094 et
1489 3043 1647 3113 plana
1680 3042 1827 3094 urbis
1867 3041 2161 3095 inundavit.
2197 3043 2314 3097 Liv.
2340 3044 2438 3096 lib.

1415 3121 1745 3185 XXXVIII,
1774 3139 1891 3192 cap.
1930 3123 2018 3176 28.
2047 3122 2226 3175 lium.

1504 3203 1591 3254 16.
1609 3200 1897 3270 Religiosus.
1916 3200 2185 3264 Quoniam
2204 3220 2313 3254 non
2331 3214 2441 3255 tam

1417 3280 1556 3332 mala
1584 3279 1747 3332 infert
1777 3297 1875 3350 per
1906 3298 1962 3332 se
1980 3319 1996 3344 ,
2028 3299 2185 3352 quam
2215 3300 2276 3334 ea
2304 3301 2440 3352 prae·

1417 3358 1548 3429 sagit
1563 3398 1580 3425 ,
1602 3377 1720 3431 quae
1742 3358 1898 3412 sacris
1917 3360 2117 3426 averti,
2141 3379 2201 3414 ac
2224 3361 2439 3434 religio-

1415 3439 1574 3491 nibus
1603 3437 1805 3510 expiari
1826 3451 2087 3510 oporteat.
2112 3439 2297 3502 Halm.

1503 3536 1590 3586 17.
1625 3517 1819 3570 Latium
1849 3523 2113 3592 antiquum.
2144 3520 2303 3575 Nunc
2328 3522 2442 3592 pri-

1419 3615 1561 3650 mam
1607 3597 1772 3650 Italiae
1825 3598 2093 3670 regionem
2144 3599 2444 3654 describere

1420 3677 1665 3731 instituit.
1691 3679 1903 3732 Latimn
1932 3679 2035 3732 fuit
2056 3692 2110 3732 et
2136 3682 2440 3751 antiquum,

1422 3771 1474 3810 et
1495 3775 1719 3810 novum.
1744 3759 2039 3830 Antiquum
2054 3799 2070 3824 ,
2091 3758 2159 3812 ad
2182 3761 2442 3813 Circeios:

1423 3835 1492 3888 ad
1523 3835 1825 3890 Sinuessam
1852 3857 2018 3910 usque
2053 3840 2311 3910 pertinuit
2345 3860 2443 3892 no-

1426 3931 1570 3968 vum.
1593 3919 1676 3969 Ita
1697 3935 1819 3969 cum
1838 3917 2013 3971 Plinio
2028 3917 2217 3972 Strabo
2230 3959 2245 3984 ,
2266 3920 2445 3982 lib.V‚

1428 4013 1548 4066 pag.
1582 3996 1649 4049 23
1665 4013 1685 4046 1
1698 4036 1711 4050 .
1733 3997 1913 4052 Han.

1518 4077 1606 4130 18.
1627 4074 1854 4129 Circeios.
1880 4075 2061 4130 Chiffl.
2085 4076 2317 4131 Cerceios.
2342 4079 2445 4133 En.

1517 4173 1609 4222 ¹9·
1637 4153 1905 4210 Servatum.
1932 4157 2057 4208 Vet.
2094 4154 2236 4228 apud
2269 4160 2446 4212 Dalec.

1432 4253 1575 4304 usque
1599 4235 1909 4289 observatum.
1936 4237 2038 4288 En.

1998 4333 2089 4402 G.
