3300 5175
1224 527 1537 596 LIBER
1588 527 1738 596 111.

400 643 793 726 Gallicum⁴⁹

400 749 617 834 Cum⁵⁰

2391 551 2534 624 ¹09

840 669 992 726 ante
1022 654 1523 726 Narbonensem
1566 656 2010 752 provinciam·
2047 655 2204 726 hinc
2241 657 2536 754 Ligusti-

619 763 797 832 .Ab
848 787 927 832 eo
980 763 1065 832 ad
1108 761 1389 832 Siciliam
1440 763 1721 834 insulam
1761 767 2048 832 Tuscum
2068 748 2114 786 ⁵¹

2157 765 2412 859 :quod
2453 791 2536 836 ex

401 871 652 940 Graecis
699 868 807 940 alii
842 855 1177 938 Notium⁵²
1184 923 1205 956 ‚
1239 868 1349 938 alii
1392 869 1850 1000 Tyrrhenum,
1893 893 1930 938 e
1973 816 2214 938 nostris
2263 869 2534 966 plurimi

400 974 701 1044 Inferum
758 990 1018 1046 vocant.
1062 975 1258 1046 Ultra
1314 961 1668 1046 Siciliam⁵³

1723 975 1808 1046 ad
1858 974 2264 1064 Salentinoe,
2317 981 2532 1048 Auso·

400 1083 583 1150 nium
595 1067 645 1113 ⁵⁴
664 1081 977 1176 Polybius
1002 1082 1309 1177 appellat.
1334 1083 1808 1154 Eratosthenes
1836 1096 2058 1152 autem
2085 1083 2258 1152 inter
2287 1085 2536 1154 ostium

402 1189 652 1257 Oceani
696 1203 765 1258 et
803 1189 1171 1259 Sardiniam
1226 1189 1545 1284 quidquid
1594 1205 1735 1268 est,
1785 1173 2194 1259 Sardoumss.

2235 1189 2402 1259 Inde
2443 1189 2532 1260 ad

398 1293 687 1364 Siciliam
724 1295 1167 1388 Tyrrhenum·
1206 1297 1311 1366 Ab
1359 1297 1485 1366 hac
1544 1299 1814 1367 Cretam
1869 1320 2077 1390 usque
2123 1282 2489 1367 Siculum⁵⁶
2515 1324 2530 1363 :

401 1399 485 1468 ab
524 1425 601 1470 ea
638 1403 975 1472 Creticum
991 1389 1040 1442 ⁵⁷

400 1513 408 1520 ’
506 1511 625 1576 ΧΙ.
670 1507 943 1578 Insuloe¹
978 1534 1098 1605 per
1140 1510 1284 1579 haec
1319 1511 1529 1578 maria
1563 1511 1794 1609 primae
1835 1509 2131 1577 omnium
2175 1509 2456 1639 Pityusae
2493 1531 2530 1578 a

402 1616 655 1684 Graecis
700 1615 892 1686 dictae
913 1665 932 1697 ‚

988 1615 1307 1686 afrutice
1343 1613 1586 1710 pineo'

1626 1641 1641 1683 ε
1687 1639 1868 1684 nunc
1907 1599 2212 1684 Ebusus³
2253 1629 2534 1686 vocatur

400 1733 715 1816 utraque,
770 1723 1037 1792 civitate
1091 1722 1442 1806 stitderata,
1500 1735 1784 1817 angusto
1840 1721 2029 1790 freto
2067 1721 2532 1792 interfluente·
2514 1776 2534 1808 ‚

484 1937 575 2000 49.
620 1931 883 1984 Gallicum.
928 1932 1201 1998 Quatenus
1236 1931 1423 1986 Galliae

400 2011 760 2064 Narbonensis
786 2029 902 2064 oras
926 2013 1093 2077 alluit,
1112 2030 1143 2064 a
1165 2012 1421 2085 Pyremeo

396 2090 601 2144 scilicet
630 2091 1030 2162 promontorio.
1076 2090 1145 2144 de
1184 2110 1294 2163 quo
1338 2112 1423 2146 su·

398 2189 526 2242 pra,
554 2169 621 2224 ad
645 2169 943 2224 Stoechades
970 2172 1183 2224 insulas.
1213 2172 1311 2224 111³
1341 2184 1420 2226 est

398 2251 563 2304 maris
591 2249 965 2304 mediterranei
992 2245 1115 2322 pars
1138 2269 1297 2322 quam
1326 2251 1421 2304 ho-

398 2329 489 2383 die
512 2343 703 2384 vocant
724 2330 951 2401 pessime
982 2330 1132 2397 GoUe
1158 2331 1219 2382 de
1242 2332 1381 2401 Lyon
1398 2371 1415 2394 ‚

398 2411 541 2476 sive,
570 2423 632 2462 ut
669 2411 919 2463 nonnulli
952 2410 1137 2462 volunt
1180 2411 1415 2482 optime,

404 2490 553 2558 Golsiz
572 2490 639 2542 du
656 2491 800 2543 La’on.
828 2491 932 2543 Em.

484 2572 569 2627 5ο.
602 2571 919 2642 Ligusticum.
958 2571 1013 2625 A
1048 2567 1419 2626 Stoechadibus

398 2652 586 2705 insulis
611 2651 681 2705 ad
714 2663 935 2723 portum
960 2652 1219 2717 Veneris;
1258 2669 1419 2722 quam

399 2731 615 2804 quidem
644 2751 791 2785 oram
822 2732 963 2786 Galli
986 2732 1207 2803 Ligures
1234 2744 1418 2785 tenue-

400 2831 476 2865 re.
498 2813 671 2866 Etiam
698 2830 841 2865 nunc
870 2813 982 2865 Mer
1008 2812 1070 2865 de
1090 2813 1309 2882 Liguria,
1336 2812 1417 2865 vel

404 2891 552 2959 Golfe
572 2893 633 2943 de
657 2892 829 2945 Genea.
850 2894 953 2945 En.

484 2973 513 3025 5
528 2996 569 3023 x.
592 2973 809 3025 Tuscum.
826 2973 999 3043 Hujus
1015 2972 1175 3027 maris
1195 2985 1419 3043 partem,

398 3070 518 3123 quae
546 3053 685 3105 iuter
712 3052 979 3106 Corsicam
1010 3052 1233 3105 insulam
1262 3065 1341 3105 est
1368 3065 1421 3105 et

398 3132 607 3185 Tusciui
630 3150 775 3185 oram
790 3171 805 3199 ,
828 3152 975 3186 nunc
996 3132 1237 3205 plerique
1260 3132 1425 3185 Cana!

398 3212 458 3263 de
488 3212 637 3265 Cot-se
671 3226 859 3266 vocant
887 3232 904 3277 ς
949 3210 1212 3284 quidquid
1242 3225 1419 3265 autem

396 3292 533 3344 infra
560 3305 637 3344 est
667 3291 733 3345 ad
758 3293 991 3346 Siciliam
1020 3293 1245 3345 insulam
1264 3330 1279 3355 ‚
1310 3292 1423 3345 Mer

396 3372 457 3423 de
479 3372 643 3436 Sicile,
655 3392 763 3444 quo
787 3371 1001 3444 quidem
1025 3372 1243 3425 nomine
1268 3372 1417 3425 Stra-

396 3453 493 3517 bo,
514 3452 611 3504 lib.
632 3451 709 3517 11,
732 3470 851 3523 pag.
872 3470 893 3504 ι
908 3452 974 3505 23
996 3490 1013 3519 ,
1037 3452 1173 3505 hanc
1186 3470 1301 3505 nvo
1321 3470 1417 3505 suo

396 3529 723 3603 designatam
766 3531 927 3585 fuisse
971 3532 1131 3585 muris
1173 3530 1417 3585 mediter·

396 3613 543 3665 ranei
578 3624 785 3683 partem
827 3629 925 3663 nos
956 3611 1110 3665 docet
1144 3630 1261 3683 quae
1288 3610 1417 3665 Sici-

396 3691 523 3743 liam
546 3694 687 3745 inter
709 3702 761 3744 et
788 3692 979 3745 Africae
1004 3708 1153 3745 oram
1172 3694 1338 3763 jacet,
1364 3704 1417 3745 et

398 3770 543 3824 illam
587 3790 706 3843 quae
752 3771 881 3823 olim
928 3770 1227 3825 Ausonium
1273 3790 1417 3825 mare

400 3864 645 3905 vocatum
678 3852 861 3905 fuerat.
892 3852 993 3903 En.

482 3933 574 3985 52.
607 3932 824 3985 Notium.
844 3931 1054 3985 Solinus
1070 3968 1085 3993 ‚
1106 3948 1222 4001 cap.
1246 3948 1415 3995 xxux,

398 4030 518 4083 pag.
555 4018 643 4075 44,
672 4012 893 4075 Ionium,
918 4011 1073 4063 male.
1104 4012 1280 4063 Νότιον
1316 4010 1417 4063 hoc

400 4110 544 4145 mare
586 4091 766 4145 dixere
784 4132 801 4157 ‚
830 4088 979 4163 quod
1016 4089 1271 4143 Romanis
1296 4108 1413 4161 spe·

399 4182 541 4224 ctare
596 4170 664 4225 ad
718 4184 951 4225 austrum
1006 4167 1307 4229 videretur,
1356 4182 1417 4223 ut

1510 1929 1846 1986 Adriaticum
1864 1949 1893 1984 e
1909 1932 2200 1996 contrario,
2221 1929 2290 1984 ad
2307 1946 2535 2004 septem·

1510 2013 1756 2066 trionem.
1785 2011 1969 2064 Haun.
1988 2044 2068 2053 —
2086 2012 2326 2064 Inferum
2356 2025 2534 2064 autem

1509 2093 1700 2163 saepius
1725 2112 1756 2146 a
1779 2092 2031 2144 Romanis
2049 2093 2358 2156 vocabatur,
2385 2089 2532 2163 quod

1508 2173 1645 2225 infra
1674 2171 1882 2224 Italiam
1909 2172 2088 2241 jacere
2119 2171 2194 2224 eis
2219 2171 2530 2238 videbatui-3

1507 2265 1796 2324 contraque
1811 2248 2140 2305 Adriaticum
2157 2269 2406 2322 superum
2425 2271 2533 2306 ma·

1508 2349 1567 2384 re
1605 2332 1866 2384 vocabant
1881 2370 1898 2393 ,
1933 2331 2080 2401 quasi
2122 2349 2282 2402 supra
2322 2331 2528 2384 Italiam
2579 2357 2592 2366 ·

1508 2411 1760 2482 positum.
1789 2411 1894 2462 En.

1592 2490 1621 2544 5
1634 2497 1686 2542 3.·
1703 2487 1920 2542 Siciliam
1943 2489 2013 2540 ad
2029 2488 2322 2544 Salaminos.
2346 2489 2530 2546 Chiffl.

1506 2568 1727 2623 Siciliam
1750 2569 1880 2642 quod
1894 2581 1964 2621 est
1988 2569 2058 2621 ad
2073 2567 2364 2624 salentinos.
2384 2572 2486 2625 En.

1591 2652 1682 2710 54.
1711 2650 1838 2703 Aus-
1861 2647 2035 2702 Hodie
2056 2651 2192 2719 gulfi
2221 2651 2280 2703 de
2305 2654 2528 2706 Tar-ente.

1592 2730 1621 2784 5
1632 2730 1683 2783 5.
1701 2728 1956 2782 Sardoum.
1973 2730 2144 2783 Etiam
2159 2749 2322 2795 nunc,
2337 2746 2396 2786 ut
2410 2734 2532 2805 plu·

1506 2810 1630 2863 rimi
1656 2811 1873 2874 volunt,
1900 2828 2000 2861 mer
2025 2809 2084 2861 de
2106 2808 2408 2881 Sardaigne,
2438 2812 2528 2867 sed

1508 2890 1649 2943 inter
1693 2890 1931 2943 Baleares
1971 2889 2168 2943 insulas
2215 2902 2422 2945 tantum
2477 2906 2530 2946 et

1506 2968 1826 3023 Sardiniam.
1855 2969 1956 3023 En.

1592 3051 1684 3103 56.
1738 3048 1970 3101 Siculum.
2022 3046 2196 3101 Hodie
2213 3089 2229 3113 ‚
2261 3062 2322 3103 ut
2365 3049 2528 3105 modo

1508 3127 1740 3183 diximus
1756 3167 1772 3191 ‚
1789 3130 1925 3198 gulfi:
1949 3128 2008 3179 de
2041 3129 2244 3181 Tar-eme
2259 3167 2275 3191 ‚
2303 3142 2356 3183 et
2377 3132 2442 3183 ab
2463 3150 2527 3185 co

1506 3229 1605 3261 mer
1626 3210 1866 3261 Ionienne.
1899 3210 2000 3261 En.

1590 3289 1682 3359 57.
1719 3288 1972 3341 Creticum.
1995 3286 2164 3339 Etiam
2185 3306 2328 3341 nunc
2351 3308 2450 3341 mer
2468 3291 2528 3342 de

1510 3369 1682 3431 Crete,
1709 3368 1846 3421 circa
1872 3368 2080 3420 Cretam
2110 3367 2354 3419 insulam.
2379 3370 2482 3423 En.

1594 3468 1615 3503 ι
1632 3487 1645 3499 .
1673 3447 1866 3501 Insuloe.
1886 3447 2276 3499 Martianushic
2291 3447 2521 3503 Plinium

1504 3526 1573 3582 de
1600 3546 1751 3581 more
1799 3526 2099 3581 transcribit
2121 3566 2136 3589 ,
2162 3526 2256 3579 lib.
2279 3528 2383 3589 VI,
2407 3548 2522 3601 cap.

1506 3607 1577 3663 de
1614 3606 1799 3661 insulis
1814 3646 1830 3672 ‚
1870 3620 1968 3659 etc.
2013 3624 2129 3677 pag.
2166 3610 2292 3661 206.
2341 3609 2523 3663 Hmn.

1589 3708 1639 3741 a.
1652 3689 1707 3739 A
1717 3689 1766 3753 s.
1772 3692 1934 3757 pineo.
1949 3685 2148 3740 Graecis
2159 3686 2327 3750 πίτυς,
2351 3687 2440 3758 pin
2449 3707 2526 3743 us.

1588 3767 1639 3820 3.
1657 3768 1802 3821 Nunc
1815 3768 1913 3819 El».
1929 3787 1982 3818 v.
1999 3778 2221 3837 utraque,
2235 3769 2525 3834 civitatesoe·

1502 3849 1708 3917 derata,
1737 3860 1840 3900 etc.
1861 3847 2039 3899 Dulce.
2061 3846 2206 3899 Nunc
2229 3846 2419 3899 Ebusus
2439 3866 2527 3897 νο-

1506 3940 1670 3990 catur,
1701 3940 1903 3999 utraque
1927 3929 2142 3989 civitate,
2170 3937 2268 3979 etc.
2273 3924 2529 3978 -Hodie

1506 4010 1643 4061 Ivi-za
1671 4020 1723 4060 et
1745 4008 2080 4071 For-mentera,
2101 4000 2360 4057 duarum
2350 4005 2528 4058 minus

1500 4086 1772 4141 leucarum
1787 4087 1924 4141 freto
1935 4097 2198 4157 separato,
2207 4080 2353 4155 quod
2369 4084 2528 4138 etiam

1504 4167 1750 4239 plurimis
1781 4166 1965 4219 insulis
1983 4174 2294 4217 coarctatur.
2325 4164 2430 4217 En.
