3300 5175
1123 518 1182 585 L
1198 518 1228 584 1
1246 519 1296 585 Β
1309 518 1368 585 Ε
1381 517 1444 582 R
1500 518 1532 585 I
1549 518 1581 584 l
1599 517 1652 583 Ι.
2366 518 2409 599 ἡ
2425 540 2465 609 7

313 676 466 721 rum
485 648 582 737 ¹²⁷,
603 665 892 747 quatuor
909 650 1172 746 populis
1195 675 1208 719 :
1235 666 1520 745 quorum
1543 649 1941 717 Numantini
1958 634 2031 671 ¹²⁸
2058 646 2245 717 fuere
2272 646 2467 717 clari:

313 760 490 828 sicut
527 761 595 826 in
637 762 1074 827 Vaccaeormn
1123 780 1316 827 xvm
1339 755 1412 793 ¹²⁹

1453 754 1875 857 civitatibus,
1928 749 2466 841 IntercatienseS,

314 864 666 934 Pallantini
685 850 783 949 ¹³⁰,
816 849 1450 951 Lacobricenses¹³¹,
1478 865 1857 934 Caucenses
1875 846 1967 929 ¹³².
1999 866 2171 931 Nam
2204 864 2273 931 in
2302 864 2470 933 Can·

318 972 592 1041 tabi-icis
631 956 831 1041 νη133
879 970 1175 1067 populis,
1217 954 1677 1041 Juliobrica¹³⁴
1725 968 1864 1038 sola
1905 984 2337 1039 memoratur.
2379 972 2462 1037 In
2504 1004 2567 1040 ιι

316 1080 764 1173 Autrigonum
787 1064 859 1103 ¹³⁵
905 1079 1134 1149 decem
1173 1078 1589 1165 civitatibus,
1622 1078 1941 1160 Tritium,
1978 1090 2047 1145 et
2080 1077 2469 1147 Virovesca.

405 1322 429 1356 ι
445 1322 537 1374 ³7.
564 1304 922 1359 Celtiberorum,
951 1306 1182 1359 Volebat
1206 1305 1348 1360 Pint.
1434 1322 1549 1374 cap.
1575 1307 1638 1369 6,
1656 1316 1711 1357 et
1730 1302 2003 1375 Appianus
2022 1302 2080 1355 in
2097 1304 2239 1357 Iber.
2260 1322 2315 1374 p.
2338 1304 2471 1359 300.

326 1384 574 1439 Celtiberi.
609 1386 711 1437 En.

410 1466 539 1519 128.
587 1466 897 1518 Numantini.
931 1464 1056 1518 Fuit
1079 1465 1208 1519 urbs
1234 1466 1350 1519 Nu-

322 1544 520 1598 mantia
543 1544 688 1598 haud
710 1546 898 1617 procul
927 1564 956 1597 a
979 1546 1212 1598 sontibus
1238 1548 1352 1599 Du·

323 1624 390 1677 rii
419 1626 620 1691 amnis,
637 1637 697 1677 ut
721 1638 940 1679 testatur
965 1625 1186 1689 Florus,
1214 1627 1252 1679 l.
1271 1627 1352 1689 11,

322 1722 438 1775 cap.
468 1723 489 1757 1
503 1707 565 1769 8,
589 1724 711 1777 pag.
731 1722 802 1773 9²
822 1742 840 1770 .,
861 1718 915 1757 et
939 1705 1168 1770 Plinius,
1191 1704 1228 1758 l.
1249 1707 1352 1770 lv,

323 1802 442 1855 cap.
477 1783 570 1849 34.
603 1783 814 1837 Endera
841 1786 1131 1839 etiamnum
1168 1786 1354 1838 visun·

325 1874 444 1928 tur,
469 1865 662 1934 quibus
683 1883 882 1917 nomen
903 1878 979 1917 est
1005 1866 1192 1917 Puence
1219 1866 1355 1919 Gar-

326 1964 443 2017 ray,
459 1962 630 2015 prope
653 1945 840 1997 urbem
869 1944 1030 1997 Sor-ia.
1047 1946 1230 1998 Hum.

413 2043 434 2077 1
451 2042 545 2092 ²9·
573 2025 632 2077 V
624 2044 904 2077 acea-orum.
916 2065 929 2077 .
947 2066 961 2079 .
979 2026 1357 2079 Intercatienses.

327 2101 606 2157 Οὖωικαῖοι
648 2104 972 2169 Ptolemaeo,
998 2105 1092 2157 lib.
1117 2107 1172 2158 11
1189 2146 1205 2169 ,
1226 2124 1272 2158 c.
1295 2110 1358 2169 6,

327 2196 380 2235 et
393 2182 622 2254 Polybio
635 2184 692 2236 in
707 2185 749 2236 F
750 2204 915 2255 ragin.
932 2184 967 2237 l.
987 2186 1090 2250 111,
1106 2204 1162 2255 p.
1193 2206 1214 2239 1
1229 2186 1360 2249 503,

327 2262 422 2333 qui
453 2282 644 2317 eorum
671 2265 861 2317 urbem
893 2256 1207 2336 Ῐντιρκατὶαν
1247 2266 1362 2317 lau-

325 2341 482 2405 dant,
508 2356 562 2396 et
583 2344 730 2415 apud
748 2344 964 2397 Gruter.
990 2364 1044 2416 p.
1080 2344 1219 2406 324:
1239 2346 1360 2397 Mo·

329 2440 540 2476 nasa-vs.
555 2425 1026 2478 [uernam-runata.
1041 2444 1128 2479 nx.
1145 2425 1360 2479 Gaura.

329 2503 700 2559 Vaccmonvu.
733 2505 944 2558 Vaccoei
969 2519 1175 2570 autem,
1201 2505 1300 2577 qui
1329 2523 1361 2558 a

328 2582 394 2636 L.
423 2584 650 2638 Lucullo
680 2598 733 2638 et
771 2584 854 2638 Cl.
901 2586 1156 2640 Marcello
1175 2625 1192 2651 ‚
1221 2605 1363 2640 anno

331 2663 404 2718 U.
429 2665 494 2718 C.
525 2657 644 2718 ocri
660 2704 678 2732 ‚
704 2664 894 2719 domiti
923 2679 1080 2730 sunt,
1117 2667 1258 2720 hanc
1279 2686 1364 2720 re-

330 2743 546 2814 gionem
565 2745 792 2798 tenuisse
812 2745 1087 2811 videntur,
1105 2765 1266 2820 quam
1286 2748 1366 2799 in·

333 2823 537 2877 ter-fluit
581 2825 751 2878 amnis
785 2826 1058 2892 Pisoraca,
1097 2844 1242 2880 nunc
1270 2828 1364 2879 Pi·

331 2923 536 2974 merga,
567 2906 622 2957 in
647 2907 880 2959 Durium
905 2905 1134 2960 influens
1165 2920 1217 2959 et
1247 2926 1366 2980 quo

333 2983 499 3037 hodie
520 2987 780 3039 Provincia
803 2988 864 3038 de
891 2987 948 3039 V
941 2988 1184 3040 alladolid
1209 3005 1366 3040 voca·

333 3076 449 3130 tur,
473 3083 599 3119 cum
622 3067 810 3137 exigua
829 3067 1125 3120 vicinarum
1149 3067 1368 3139 provin-

333 3144 540 3198 ciarum
569 3159 736 3218 parte.
759 3179 840 3190 --
867 3147 1162 3200 Intercatia
1190 3160 1366 3201 autem

335 3225 698 3280 meminerunt
720 3261 738 3288 ‚
781 3239 844 3278 ut
889 3226 1052 3280 modo
1098 3225 1332 3280 diximus
1349 3265 1366 3291 ,

335 3303 672 3371 Ptolemaeus,
685 3306 1066 3378 Polybiusque,
1081 3320 1133 3361 et
1147 3307 1371 3360 Antoni-

336 3402 466 3450 nus,
481 3386 574 3455 qui
595 3405 712 3440 eam
729 3387 870 3439 inter
882 3388 1181 3440 Astur-icam
1203 3385 1368 3440 hodie

337 3464 590 3535 Astur-ga,
617 3479 671 3519 et
695 3467 1142 3538 Caesaraugustam
1158 3505 1176 3533 ,
1201 3469 1255 3518 Z
1257 3487 1372 3519 ara-

333 3563 468 3613 goza
491 3546 670 3616 ponit,
690 3564 756 3597 nx
775 3565 840 3599 u.
861 3566 996 3618 pass.
1023 3548 1090 3600 ab
1111 3548 1372 3601 Asturica.

337 3624 468 3689 Quo
499 3639 674 3681 autem
705 3626 826 3678 loco
855 3627 952 3681 sita
981 3627 1142 3680 fuerit
1159 3646 1268 3680 non
1290 3645 1372 3680 sa·

339 3704 410 3756 tis
427 3718 660 3768 constat;
681 3707 922 3776 quamvis
939 3724 1054 3760 eam
1082 3708 1154 3760 ob
1173 3707 1372 3760 flumen

337 3785 470 3838 Esla
497 3799 660 3856 ponat
687 3784 995 3839 n'Anvrnut
1011 3825 1028 3850 ,
1057 3787 1181 3842 loco
1211 3785 1374 3839 hodie

340 3861 488 3918 dicto
515 3866 570 3917 V
567 3866 806 3918 illanmoa
832 3867 892 3918 de
919 3868 1182 3935 Αιιιαςυσ,
1209 3885 1279 3919 xz.
1307 3885 1370 3919 u.

338 3963 480 4016 pm.
507 3945 580 3998 ab
607 3945 858 4016 Astur-ga,
889 3965 998 3999 non
1029 3965 1156 3999 vero
1185 3965 1252 4000 Lx
1269 3981 1288 4008 ‚
1315 3959 1376 4000 ut

341 4025 460 4079 vult
486 4026 807 4081 Antoninus.
853 4029 956 4079 En.

433 4123 455 4158 1
470 4105 555 4159 30.
607 4106 899 4159 Pollentini.
948 4107 1258 4160 pallantiam
1315 4108 1370 4158 in

341 4187 578 4240 Vaccaeis
605 4203 816 4257 quoque
833 4188 972 4240 locat
999 4187 1217 4240 Ptolem.
1245 4188 1280 4240 l.
1301 4189 1373 4251 11,

1439 1385 1596 1437 Nunc
1626 1384 1861 1435 Palencia
1878 1422 1893 1449 ‚
1922 1383 1978 1436 in
2005 1386 2255 1453 provincia
2282 1384 2342 1435 de
2364 1384 2471 1436 Pa-

1438 1464 1624 1529 len-tia,
1656 1464 1725 1517 ad
1774 1481 1984 1517 amnem
2034 1462 2240 1525 Carion,
2276 1465 2371 1535 qui
2412 1465 2469 1517 in

1439 1543 1741 1599 Pisoracain
1770 1542 1965 1611 influit..
1993 1544 2095 1595 En.

1526 1643 1549 1677 1
1563 1626 1594 1677 3
1607 1644 1630 1677 1
1641 1664 1654 1675 .
1679 1625 2060 1676 Lacobricenses.
2084 1624 2392 1694 Lacobriga
2413 1625 2471 1677 in

1439 1704 1543 1757 hoc
1569 1718 1737 1757 tractu
1758 1704 2469 1770 meminitAntoninus,x1.v1

1441 1802 1508 1839 Μ.
1535 1802 1669 1855 pass.
1710 1802 1740 1837 a
1782 1784 2035 1837 Pallantia
2074 1784 2129 1836 in
2170 1784 2362 1837 itinere
2404 1786 2473 1837 ab

1442 1864 1688 1918 Asturica
1716 1865 2102 1927 Tarraconem,
2134 1876 2187 1917 et
2212 1863 2476 1935 Burdiga-

1440 1944 1564 2001 lam.
1600 1941 1945 2015 Δαγγοῧρὶτας
1974 1956 2128 1997 vocat
2162 1943 2479 1998 Plutarchus

1429 2024 1502 2075 0in
1523 2023 1793 2088 Sertorio,
1820 2043 1939 2095 pag.
1968 2023 2099 2094 574.
2128 2049 2151 2073 ι
2172 2024 2477 2095 Lacobriga

1443 2122 1671 2167 nomen,
1704 2104 1887 2174 inquit
1920 2104 2105 2155 Festus
2129 2142 2145 2168 ,
2188 2122 2219 2157 a
2261 2104 2379 2157 lacu
2422 2118 2475 2159 et

1443 2184 1597 2254 briga
1613 2223 1630 2250 ‚
1647 2183 1916 2254 Hispaniae
1937 2181 2157 2254 oppido.
2182 2207 2204 2230 ιι
2232 2185 2355 2239 Vox
2375 2185 2475 2237 bri·

1442 2281 1512 2333 ga
1535 2261 1799 2335 oppidum
1828 2276 1993 2317 sonat.
2014 2264 2195 2317 Hinn.

1537 2363 1556 2396 ι
1571 2344 1600 2395 3
1613 2363 1639 2397 a
1649 2384 1663 2397 .
1678 2343 1959 2397 Caucenses.
1974 2348 2157 2397 Καῦκα.
2170 2346 2225 2397 in
2239 2345 2477 2399 Vaccaeis

1447 2442 1663 2494 quoque
1703 2423 2016 2489 Ptolemae,
2046 2424 2165 2477 loco
2208 2424 2396 2488 citato,
2422 2438 2478 2477 et

1448 2505 1695 2575 Appiano
1738 2504 1795 2557 in
1839 2502 1979 2557 lber.
2036 2522 2154 2575 pag.
2191 2502 2322 2557 283.
2364 2505 2475 2557 Ubi

1449 2603 1593 2638 nunc
1623 2584 1757 2638 Coca
1786 2581 2045 2656 oppidum
2061 2597 2165 2644 ‚ut
2191 2597 2333 2638 recte
2358 2585 2475 2638 Ma-

1447 2665 1630 2730 riana,
1660 2665 1799 2718 nist.
1832 2665 1983 2736 Hisp.
2017 2665 2109 2718 lib.
2130 2666 2243 2730 111,
2274 2685 2390 2736 cap.
2415 2686 2475 2730 2,

1447 2763 1570 2816 pag.
1597 2745 1693 2814 93,
1707 2746 1844 2798 inter
1862 2744 2069 2816 Segovia
2084 2759 2137 2798 et
2156 2745 2213 2796 V
2203 2745 2445 2798 alladolicl
2453 2786 2469 2808 ,

1450 2824 1520 2878 ad
1549 2824 1775 2880 fluvium
1803 2827 2026 2878 Eresma.
2060 2826 2128 2878 H.
2155 2838 2210 2878 et
2240 2826 2341 2878 En.

1539 2904 1672 2960 133.
1716 2907 1831 2960 Vll
1852 2906 2071 2978 Populis.
2099 2905 2187 2958 Sic
2217 2905 2275 2956 in
2289 2906 2473 2960 chiffl.

1454 2985 1636 3051 Balce,
1666 2999 1721 3040 et
1749 2986 1863 3039 Elz.
1894 2997 2104 3058 quatuor
2119 2986 2329 3056 populis.
2370 2987 2473 3038 En.

1538 3067 1669 3130 134.
1709 3066 1996 3120 Juliohrica.
2039 3065 2281 3118 Diximus
2318 3065 2387 3118 de
2416 3086 2477 3119 ea

1455 3146 1716 3218 superius,
1747 3147 1851 3200 hoc
1882 3164 1999 3216 cap.
2021 3146 2207 3198 nnn.

1543 3247 1566 3279 1
1579 3226 1609 3278 3
1620 3227 1648 3279 5
1660 3266 1673 3279 .
1691 3228 2036 3296 Autrigonum.
2054 3226 2343 3295 Αὐτρίγονις
2354 3239 2481 3278 sunt

1455 3307 1761 3370 Ptolemae,
1789 3307 1894 3359 loc.
1924 3307 2017 3360 cit.
2049 3304 2479 3377 oppida‚Tpirtov

1456 3399 1509 3440 et
1543 3389 1865 3458 Οὐΐροὺισκα.
1917 3388 1981 3439 In
2038 3383 2264 3438 decretis
2290 3385 2483 3438 Hilarii

1461 3467 1636 3538 pape,
1663 3485 1782 3538 pag.
1818 3466 1926 3519 ²52
1956 3485 1969 3518 :
1996 3467 2053 3516 V
2046 3468 2401 3518 croviseensium
2435 3477 2485 3516 et

1468 3549 1757 3600 Trioemium
1786 3551 1983 3610 civitas,
2010 3565 2111 3618 pro
2156 3548 2205 3598 T
2201 3548 2481 3599 ritiensium.

1462 3629 1632 3680 Vetus
1653 3628 1819 3680 inser.
1840 3625 1986 3698 apud
2009 3626 2198 3678 Ambr.
2222 3627 2481 3682 morales.

1462 3708 1556 3760 fol.
1579 3699 1700 3777 652:
1729 3709 2043 3760 Tau-musi.
2071 3706 2373 3760 Antoninus
2425 3707 2485 3758 in

1461 3787 1654 3840 itinere
1697 3789 1767 3840 ab
1814 3787 2058 3840 Asturica
2093 3787 2449 3840 Tarraconem
2468 3825 2485 3851 ‚

1462 3867 1700 3920 Tritium
1726 3886 1759 3920 a
1789 3868 2079 3920 Virovesca
2104 3865 2297 3918 distare
2323 3867 2394 3918 ait
2427 3885 2483 3917 ιι

1463 3965 1528 4000 ιιι.
1555 3966 1691 4019 pass.
1720 3946 1882 4013 Quod
1914 3949 1955 4000 si
1986 3948 2166 4020 itaque
2202 3947 2485 3998 Virovesca

1463 4028 1709 4080 Briviesca
1740 4039 1840 4090 est,
1870 4027 2006 4081 inter
2039 4029 2256 4095 Burgus,
2282 4038 2332 4078 et
2364 4026 2485 4077 Ibe·

1461 4106 2085 4178 rum,Tritinm,quodx1
2100 4125 2163 4160 iu.
2182 4125 2315 4178 pass.
2334 4108 2488 4158 Astu-

1461 4189 1584 4241 ricae
1613 4187 1834 4242 vicinius
1856 4207 1965 4240 esse
1984 4186 2194 4246 debuit,
2222 4184 2317 4239 ubi
2345 4203 2489 4238 nunc
