3300 5175
1155 505 1482 617 'mma-,R
1528 547 1650 615 1v.

2344 547 2480 620 285

350 709 506 756 men
536 680 911 778 Panysus¹3.
929 679 1274 776 Oppidum
1301 678 1871 760 Tetranaulochus
1888 665 1956 748 ¹⁸.
1988 681 2189 750 Mons
2212 685 2483 756 Haemus

350 807 540 862 vasto
548 791 713 886 jugo
733 785 1178 884 procumbens
1193 787 1264 854 in
1280 788 1603 867 Pontum,
1633 785 1953 879 oppidum
1978 787 2212 858 habuit
2244 791 2313 858 in
2332 815 2483 860 ver-

353 901 482 969 tice
497 898 847 968 Aristaeum
865 893 934 962 ¹⁹.
953 896 1154 964 Nunc
1174 894 1242 960 in
1258 917 1376 961 ora
1399 890 1801 961 Mesembria
1819 891 1892 977 ²⁰,
1910 895 2305 966 Anchialum
2324 949 2343 982 ,
2368 899 2481 968 ubi
2520 913 2551 970 7

353 1008 576 1076 Messa
616 1004 850 1072 fuerat.
895 1001 1116 1070 Astice
1158 996 1405 1094 regio²¹
1452 997 1689 1067 habuit
1738 999 2059 1092 oppidum
2117 1004 2481 1074 Anthium:

354 1135 532 1181 nunc
568 1124 669 1179 est
709 1105 1078 1203 Apollonia.
1121 1105 1424 1176 Flumina
1463 1128 1480 1172 :
1513 1101 1845 1174 Panissa²²
1868 1159 1887 1192 ,
1924 1107 2113 1194 Rira,
2150 1097 2484 1200 Tearus²³‚

357 1217 691 1287 Orosines.
733 1212 1005 1310 Oppida
1053 1238 1069 1280 ε
1105 1211 1398 1306 Thynias
1412 1198 1462 1243 ²⁴
1483 1265 1502 1298 ‚
1543 1198 2071 1306 Halmydessos²⁵
2097 1267 2118 1301 ‚
2151 1215 2485 1286 Develton

357 1366 468 1402 esse
506 1343 748 1407 videtur,
795 1355 856 1396 ut
901 1341 1117 1415 quidem
1159 1342 1381 1412 conjicit

360 1426 686 1480 n'Anvuuz.
727 1423 831 1475 En.

445 1523 532 1577 17.
550 1504 788 1576 Panysus.
807 1501 1053 1562 Πάνυσος.
1077 1501 1246 1553 Antea
1275 1499 1381 1552 Pa-

363 1589 530 1643 misus,
564 1600 864 1654 perperam.
885 1587 996 1636 Nos
1010 1581 1236 1653 Panysus
1258 1598 1380 1632 cum

359 1665 648 1718 Ptolemaeo
663 1702 678 1728 ,
704 1662 800 1716 lib.
816 1661 929 1726 111,
946 1677 1060 1731 cap.
1090 1677 1154 1712 xo
1172 1697 1188 1724 ,
1211 1677 1384 1731 prope

361 1743 620 1798 Odessum
637 1741 949 1794 etiamhunc
961 1740 1139 1810 ipsum
1158 1739 1383 1792 locante.

360 1825 516 1879 MSS.
537 1823 785 1875 Pannist's.
812 1821 966 1873 H.--
979 1819 1138 1872 Nunc
1153 1818 1386 1890 Daphni·-

363 1903 482 1957 Sam
502 1942 518 1969 ,
563 1913 778 1956 auctore
818 1897 1141 1953 n’Anwm.
1163 1899 1265 1950 En.

432 2004 455 2037 1
469 1983 522 2036 8.
545 1981 968 2034 Tetranaulochus.
984 1981 1236 2046 Ναύλοχος
1245 1975 1384 2031 idem

366 2083 394 2116 a
440 2062 702 2116 Strabone
747 2059 1046 2132 appellatur
1069 2071 1087 2122 ,·
1135 2058 1240 2111 loc.
1298 2057 1387 2109 cit.

365 2141 884 2196 Mesembrianorum
925 2136 1185 2211 oppidum
1205 2175 1222 2202 ,
1243 2137 1390 2207 juxta

367 2233 603 2274 montem
623 2218 971 2285 Haemum,ibi
989 2217 1392 2270 incumbentem

367 2301 518 2354 mari.
543 2301 936 2370 Τετραναὺλοχος
961 2297 1040 2363 ei,
1058 2315 1087 2349 a
1113 2309 1393 2370 quaterge-

369 2381 515 2432 mina
543 2381 766 2432 statione
792 2377 1040 2444 navium,
1064 2395 1261 2430 nomen
1295 2371 1398 2429 est.

367 2461 572 2512 Locum
600 2459 688 2510 hie
733 2459 882 2510 Terta
923 2475 1032 2509 non
1076 2456 1236 2509 habet
1251 2493 1268 2520 ,
1299 2454 1394 2508 etsi

367 2537 564 2593 habere
615 2549 866 2610 oportere
921 2535 1124 2590 censuit
1166 2535 1394 2589 Hermo·

367 2620 512 2672 laus:
536 2636 702 2690 quum
721 2618 790 2671 sit
804 2615 860 2669 id
878 2614 1144 2687 oppidum
1153 2615 1395 2669 Thracian

369 2697 814 2752 mediterraneum
839 2697 1125 2750 Ptolemaeo
1136 2731 1153 2759 ‚
1169 2694 1264 2748 lib.
1280 2695 1362 2748 111
1377 2733 1394 2760 ,

372 2794 490 2848 cap.
522 2794 607 2829 11.
631 2778 813 2829 Hmn.

459 2874 483 2909 1
496 2874 550 2924 9.
572 2855 856 2907 Aristoeum.
886 2854 971 2907 Ab
993 2855 1212 2907 Aristaeo
1233 2854 1400 2925 Apol·

371 2934 497 2987 linis
518 2934 593 2987 fil.
617 2931 892 2987 conditum
907 2970 924 2997 ,
961 2952 1129 3005 quum
1164 2933 1218 2985 in
1239 2952 1396 2985 mon·-

377 3028 482 3067 tem
495 3014 736 3066 Haemum
752 3011 820 3065 ad
831 3013 1098 3065 Bacchum
1117 3012 1190 3065 ibi
1207 3010 1399 3084 degen-

373 3104 482 3147 tem
518 3112 572 3147 se
598 3092 840 3145 contulit.
868 3090 1139 3144 Diodorus
1163 3091 1397 3157 Siculus,

375 3173 515 3227 Bibl.
535 3172 630 3227 lib.
658 3172 759 3238 IV,
779 3189 899 3243 pag.
932 3174 1064 3226 282.
1092 3172 1276 3225 Hum.

460 3272 546 3308 2ο.
579 3250 881 3305 Mesembria.
920 3247 1225 3322 Μισπμὸρία
1265 3250 1396 3323 Scy-

374 3332 480 3387 laci
496 3370 514 3397 ,
539 3351 658 3405 pag.
682 3350 754 3403 27
773 3373 790 3399 ,
820 3332 1132 3403 ceterisque
1160 3329 1399 3401 Geogra-

375 3412 515 3484 phis.
531 3412 679 3466 Olim
691 3411 1047 3474 Menemhria‚
1061 3410 1209 3482 quasi
1226 3410 1400 3463 Menas

376 3491 668 3565 oppidum,
693 3503 754 3545 ut
775 3492 848 3544 ait
872 3492 1063 3545 Strabo
1079 3530 1095 3554 ,
1134 3490 1232 3544 lib.
1254 3489 1364 3541 VII
1383 3528 1402 3555 ,

375 3590 496 3645 pag.
527 3572 659 3641 3¹9·
700 3565 946 3641 Ᾰγχὶαλος
987 3568 1183 3624 deinde
1223 3568 1398 3622 Ptole·

377 3670 547 3717 moeo,
576 3652 672 3704 lib.
695 3652 806 3716 111,
839 3669 954 3723 cap.
996 3667 1061 3705 n
1085 3689 1102 3715 ‚
1127 3662 1179 3703 et
1201 3648 1395 3712 Melae,

375 3730 476 3786 lib.
497 3732 552 3783 11
571 3770 588 3798 ‚
633 3748 750 3802 cap.
779 3750 830 3783 2.
859 3732 1042 3784 Ham).
1067 3763 1149 3771 —
1171 3728 1398 3781 Mesem-

378 3811 494 3864 bria
514 3851 530 3877 ,
560 3828 706 3864 nune
742 3810 972 3863 Misem'a
1011 3808 1210 3863 dicitnr
1233 3847 1250 3873 ,
1290 3810 1398 3859 An-

381 3890 613 3944 chialum
629 3929 645 3954 ,
682 3872 911 3955 Akkiall,
938 3902 1000 3943 ut
1043 3886 1263 3961 quidem
1310 3886 1397 3939 ait.

383 3973 708 4023 n'Anvum.
731 3970 834 4022 En.

469 4070 552 4103 ax.
582 4050 753 4103 Astice
792 4052 942 4119 regia.
972 4048 1060 4101 Sic
1089 4066 1173 4120 ap.
1221 4044 1402 4098 Chiffl.

385 4129 563 4183 Dalec.
591 4130 760 4183 Astice
801 4132 950 4199 regio.
996 4128 1048 4181 F
1046 4130 1118 4179 uie
1145 4124 1370 4198 oppidum
1385 4162 1402 4189 ‚

386 4226 510 4261 nunc
557 4222 630 4261 est
675 4209 962 4279 Apollonia.
1005 4208 1110 4259 En.
1143 4238 1223 4249 —
1272 4205 1406 4270 Qnre

1464 1339 1753 1394 Ptolemaeo
1782 1342 1884 1395 loc.
1912 1343 2001 1395 cit.
2025 1334 2183 1403 Ᾰςικὴ
2208 1345 2456 1416 ςρατηγία
2473 1385 2489 1411 ,

1467 1420 1635 1474 Astica
1660 1441 1753 1474 seu
1765 1422 1981 1474 Urbana
2004 1422 2321 1478 Praefectura
2338 1465 2353 1491 ,
2369 1445 2488 1498 quae

1466 1502 1533 1553 ab
1560 1501 1843 1572 Apollonia
1876 1499 1943 1554 ad
1976 1501 2289 1557 Perinthum
2321 1524 2488 1578 usque

1465 1581 1747 1652 pertinuit.
1782 1573 2072 1634 Ᾰπολλωνία
2114 1601 2327 1656 quoque
2368 1599 2491 1657 post

1467 1659 1842 1713 mesembriam
1869 1680 1899 1713 a
1931 1661 2150 1732 Scylace
2170 1663 2491 1728 nominatur,

1469 1757 1591 1811 pag.
1627 1759 1719 1810 ²7·
1750 1739 1923 1804 Mela,
1960 1740 2061 1793 loc.
2088 1741 2176 1794 cit.
2212 1767 2237 1789 e
2266 1744 2495 1797 Mesem-

1467 1819 1616 1884 bria,
1644 1819 1965 1884 Anchialos,
1993 1832 2045 1873 et
2074 1820 2265 1875 intimo
2286 1823 2343 1876 in
2373 1825 2495 1878 sinu

1471 1894 1669 1961 (Ponti
1691 1898 1890 1951 Euxini
1914 1889 1936 1966 )
1980 1912 2141 1971 atque
2174 1903 2268 1954 ubi
2296 1904 2500 1957 Pontus

1471 1977 1695 2031 alterum
1741 1978 1823 2030 sui
1888 1975 2085 2030 flexum
2140 1983 2334 2052 angulo
2382 1983 2503 2037 finit

1473 2075 1669 2128 magno
1686 2098 1701 2122 ,
1728 2057 2026 2127 Apollonia.
2051 2083 2073 2104 ι
2092 2060 2350 2114 Anthium
2376 2082 2502 2116 vero

1477 2125 1653 2190 λνθιισι
1682 2137 1953 2206 Stephano
1969 2135 2169 2192 dicitur
2185 2156 2198 2192 :
2216 2141 2503 2214 Apollonia

1474 2215 1844 2280 Milesiorum,
1883 2215 2332 2292 Rhodiorumque
2364 2223 2507 2276 colo-

1476 2297 1583 2348 nia.
1612 2296 1797 2350 Hum-
1818 2326 1900 2337 —--
1918 2299 2324 2369 Insequentibus
2364 2314 2507 2355 tem-

1476 2375 1699 2448 poribus
1718 2375 2003 2446 Apollonia
2026 2378 2302 2449 Sozopolis
2324 2393 2509 2434 vocata

1477 2456 1640 2508 fuisse
1662 2455 1896 2519 videtur,
1912 2455 2055 2509 unde
2076 2477 2221 2510 nunc
2240 2459 2289 2511 ei
2310 2478 2507 2514 nomen

1479 2533 1695 2587 Sizeboli
1713 2573 1728 2601 ,
1750 2546 1967 2589 auctore
1990 2535 2315 2592 n’Anvuu.
2335 2537 2443 2595 En.

1564 2635 1592 2669 2
1607 2635 1634 2668 2
1646 2656 1660 2668 .
1675 2616 2055 2681 Panaksassira.
2073 2617 2228 2671 MSS.
2242 2622 2371 2690 Reg.
2391 2640 2414 2673 1
2426 2658 2441 2686 ,
2457 2642 2512 2687 2,

1480 2695 1640 2749 Colb.
1664 2712 1714 2760 1,
1734 2714 1786 2762 2,
1802 2708 1900 2749 etc.
1919 2697 2163 2767 Panyssas
2177 2737 2193 2763 ,
2213 2700 2396 2753 eras.
2413 2702 2511 2755 Pa-

1477 2793 1701 2846 nysum,
1724 2774 1885 2828 credo
1904 2813 1919 2839 ,
1941 2772 2118 2829 adhuc
2137 2777 2419 2850 intelligit,
2443 2779 2511 2834 de

1481 2872 1590 2927 quo
1609 2855 1858 2927 proxime
1881 2866 2035 2908 antea
2062 2854 2268 2911 dietum
2296 2870 2374 2911 est
2398 2860 2469 2912 H.

1568 2932 1661 2987 23.
1704 2936 1908 2987 Tem-us.
1952 2937 2134 3006 Τέαρος
2186 2936 2466 2991 Herodoto
2494 2978 2511 3005 ‚

1479 3012 1742 3085 Melpom.
1768 3014 1864 3068 lib.
1888 3015 1993 3078 lv,
2017 3032 2072 3067 n.
2106 3034 2177 3085 90
2197 3057 2211 3082 ‚
2242 3016 2336 3070 ubi
2358 3017 2426 3071 de
2448 3037 2513 3072 eo

1481 3110 1638 3147 amne
1664 3094 1848 3147 multa.
1871 3094 2057 3146 Hnm.

1567 3180 1659 3237 24.
1717 3174 1953 3244 Thynias.
1996 3173 2176 3226 Dalec.
2242 3176 2507 3241 Thynnias.

1481 3252 1588 3305 En.
1613 3282 1695 3293 --
1721 3251 1901 3313 Θυνιὰς
1940 3252 2144 3307 Graecis
2164 3294 2180 3319 ,
2221 3253 2278 3307 in
2334 3256 2512 3310 Astice

1481 3332 1799 3404 prafectura
1821 3365 1837 3393 ‚
1882 3350 2053 3405 prope
2094 3333 2433 3404 Apolloniam
2461 3350 2514 3391 et

1483 3409 1887 3483 Halmydesson.
1942 3412 2205 3483 Scymnus
2237 3414 2429 3481 Chius,
2454 3436 2511 3489 p.

1491 3492 1562 3545 30
1577 3530 1593 3556 ,
1607 3491 1806 3552 Θυνιὰς.
1822 3495 1923 3552 Τῆς
1938 3483 2121 3552 Acuti<
2141 3494 2337 3563 Θρᾴκης
2358 3495 2515 3567 ὑπέρ·

1477 3568 1626 3639 ,χουσ’
1678 3572 1895 3640 ἐσχάτη,
1945 3577 2072 3623 Μεθ’
2114 3574 2171 3630 ἣν
2223 3575 2362 3637 πόλις
2412 3577 2511 3637 dciv

1489 3652 1684 3722 σύνορος
1708 3652 1741 3707 ἦ
1773 3651 2067 3703 Αποὶλονία.
2098 3652 2167 3705 Et
2196 3666 2385 3707 auctor
2416 3656 2514 3708 Pe-

1487 3729 1616 3802 ripli
1635 3730 1999 3783 PontiEuxini
2018 3767 2034 3790 .
2056 3748 2179 3801 pag.
2208 3738 2277 3795 14
2298 3752 2312 3785 :
2336 3734 2513 3789 Θυνιὰς

1492 3812 1731 3879 εὐλίμενος
1789 3808 1918 3879 ἄκρα.
1959 3815 2044 3870 τῆς
2086 3802 2271 3872 Actu-‘iic
2318 3815 2515 3885 Θρᾴκης

1489 3890 1781 3961 ὑπάρχουσα
1796 3928 1811 3951 ,
1843 3888 1941 3941 ἀπὸ
1971 3883 2031 3941 δὲ
2062 3885 2305 3952 Θυνιάδος
2330 3894 2397 3953 εἰς
2418 3886 2517 3946 Ᾱλ-

1493 3965 1747 4040 μυδῆσσόν
1764 4006 1781 4032 ,
1812 3979 1912 4021 eto.
1936 3968 2202 4021 Describit
2221 3971 2379 4041 hujus
2407 3991 2515 4025 orae

1493 4047 1691 4120 oppida
1728 4044 1888 4100 Ovid.
1928 4047 2091 4101 Trist.
2123 4047 2219 4101 lib.
2247 4050 2309 4114 1,
2368 4050 2520 4125 Eleg.

1497 4146 1530 4195 9
1548 4164 1564 4191 ‚
1593 4146 1646 4179 v.
1676 4124 1772 4179 35.
1792 4126 1861 4179 Η.
1876 4158 1957 4168 --
1977 4127 2135 4180 Nunc
2155 4128 2383 4183 Tiniada.
2413 4130 2517 4186 En.

1581 4206 1672 4259 25.
1711 4205 2086 4258 Halmrdessos.
2116 4207 2236 4261 Dal.
2267 4209 2527 4263 Almedes-
