3300 5175
1761 542 2213 565 mmmm
2225 546 2503 569 mmm

375 534 1295 573 mmmm

500 695 1370 791 PRAEMONITIO
1424 700 1601 787 AD
1646 690 2377 789 LECTOREM.

378 984 579 1089 Non
638 1034 741 1099 te,
788 1017 992 1081 lector
1033 1014 1319 1105 optime,
1370 1009 1589 1079 multis
1630 1014 1739 1077 hic
1795 1029 2122 1078 moratum
2161 1011 2346 1098 volo;
2394 1016 2508 1081 sed

376 1146 585 1213 quum
616 1122 812 1187 Plinii
840 1134 1120 1209 quatuor
1144 1114 1227 1182 de
1255 1114 1663 1207 Geographia
1692 1109 1890 1182 libros
1922 1118 1990 1181 in
2025 1112 2282 1185 duabus
2313 1118 2506 1203 hujus

374 1226 644 1293 secundi
675 1224 1025 1292 voluminis
1056 1220 1347 1313 partibus
1370 1224 1455 1289 sis
1487 1214 1829 1288 habiturus
1847 1271 1868 1305 ,
1900 1222 2241 1313 specialem
2271 1224 2506 1289 laboris

376 1333 502 1397 mei
532 1332 851 1397 rationem
884 1326 1005 1393 tibi
1038 1324 1310 1393 reddere
1335 1349 1470 1391 non
1503 1326 1663 1392 duxi
1693 1350 2191 1419 supervacuum.

456 1436 695 1502 Tribus
732 1451 1089 1525 quatuorve
1122 1448 1376 1497 tantum
1421 1426 1597 1497 locis‘
1622 1432 1943 1497 Harduini
1975 1448 2224 1497 textum
2264 1432 2506 1499 immu-

370 1542 641 1607 tandum
678 1540 935 1617 censui,
968 1538 1229 1629 optimis
1261 1534 1593 1601 codicibus
1635 1534 1718 1601 ad
1749 1532 1817 1601 id
1850 1532 2190 1622 inductus3
2225 1540 2505 1604 nonnul-

364 1648 458 1713 las
493 1648 689 1711 etiam
728 1643 1149 1737 typographi,
1200 1666 1345 1733 quae
1390 1636 1804 1708 Harduinum
1855 1644 2190 1733 fugerant,
2237 1642 2503 1711 mendas

362 1754 674 1843 expunxi.
711 1750 911 1836 Quod
937 1759 1155 1815 autem
1184 1748 1267 1814 ad
1290 1745 1832 1815 commentarium
1853 1750 2082 1815 attinet
2107 1750 2289 1814 facile
2312 1750 2502 1816 intel-

362 1859 561 1951 liges,
608 1859 814 1923 lector
842 1856 1343 1938 humanissime,
1389 1876 1584 1945 quam
1623 1856 1831 1920 multa
1865 1855 1932 1919 in
1979 1878 2058 1921 eo
2098 1856 2501 1922 immutanda

360 1967 781 2055 signarentur
814 1961 1120 2052 operibus
1147 1962 1538 2045 innumeris,
1566 1985 1714 2051 quae
1735 1963 1818 2027 ab
1851 1958 2170 2027 Harduini
2199 1958 2382 2029 aetate
2417 1962 2502 2028 ad

362 2088 655 2135 nostram
689 2068 771 2133 de
811 2068 1012 2133 veteri
1042 2066 1450 2159 Geographia
1483 2068 1547 2132 in
1585 2068 1798 2133 lucem
1831 2068 2080 2157 prolata
2105 2085 2280 2134 sunt.
2315 2071 2501 2135 Hanc

363 2176 566 2267 igitur
592 2192 896 2240 notarum
927 2173 1064 2254 ejus
1091 2188 1340 2261 partem
1368 2195 1649 2256 servans,
1671 2188 1746 2238 ut
1767 2173 2149 2262 plurimum,
2179 2178 2312 2263 qua
2331 2190 2502 2240 vete-

360 2304 511 2347 rum
548 2268 943 2369 scriptorum
970 2278 1355 2343 testimoniis
1382 2278 1575 2344 Plinii
1606 2274 2058 2344 auctoritatem
2081 2278 2498 2365 confirmare,

358 2404 477 2453 aut
522 2408 789 2452 sensum
842 2386 1179 2476 explanare
1230 2385 1497 2467 nititur,
1548 2402 1798 2474 partem
1848 2386 2199 2475 reliquam,
2246 2410 2374 2475 qua
2426 2388 2496 2451 in

358 2492 653 2559 nummis
685 2490 1074 2583 explicandis
1107 2490 1289 2557 litera
1322 2514 1581 2581 quaque
1613 2492 1940 2573 abutitur,
1990 2507 2106 2555 aut
2156 2515 2284 2589 qua
2333 2494 2500 2561 male

354 2601 697 2692 praesentia
726 2601 921 2663 refert
948 2599 1245 2664 locorum
1269 2614 1563 2664 veterum
1587 2599 1850 2664 nomina
1875 2647 1892 2682 ,
1924 2622 2095 2688 saepe
2129 2623 2206 2664 ex
2239 2599 2498 2692 integro

354 2706 773 2773 reficiendam
799 2705 1120 2800 judicavi,
1157 2703 1764 2794 probatissimorum
1809 2707 2170 2770 recentium
2209 2707 2498 2798 Geogra-

354 2815 647 2902 phorum
682 2835 840 2878 usus
876 2810 1133 2876 auxilio·
1165 2811 1465 2898 Quorum
1492 2809 1791 2900 quidem,
1818 2828 1896 2876 ut
1919 2810 2127 2876 labori
2159 2812 2316 2878 huic
2352 2836 2497 2878 meo

354 2919 533 2984 illam
566 2941 696 3008 qua
728 2916 980 3007 indiget
1010 2913 1207 2980 fidem
1246 2911 1555 2980 adhibere
1587 2939 1724 2980 non
1759 2939 2015 2982 recuses
2036 2966 2055 3000 ,
2092 2919 2358 2983 nomina
2388 2919 2499 2984 hic

350 3024 599 3090 habere
624 3040 689 3088 te
714 3021 887 3106 volo,
917 3016 1235 3111 quidquid
1262 3021 1658 3086 auctoritatis
1685 3045 1834 3087 meo
1860 3021 2048 3106 desit,
2068 3024 2134 3087 in
2164 3024 2253 3089 eis
2272 3025 2500 3089 inven-

354 3146 607 3195 turum.
632 3129 909 3195 Solitum
942 3124 1179 3194 ducem
1214 3126 1413 3192 habui
1445 3127 1802 3193 n’Anvnmz
1822 3177 1841 3212 ,
1874 3130 2106 3196 veteris
2145 3127 2322 3221 apud
2369 3154 2497 3196 nos

353 3235 815 3326 Geographiae‚
856 3249 931 3298 ut
960 3233 1177 3315 aiunt,
1206 3249 1453 3324 patrem
1474 3281 1493 3316 ,
1527 3249 1724 3322 atque
1753 3256 1905 3298 cum
1935 3257 2014 3298 eo
2039 3235 2455 3301 Mannertum
2479 3285 2499 3319 ,

354 3341 543 3422 cujus
574 3341 974 3407 immensum
1007 3361 1173 3428 opus
1186 3348 1211 3421 ',
1247 3339 1352 3402 cui
1384 3339 1609 3403 titulus
1632 3355 1732 3404 est
1757 3337 2151 3428 Geographie
2181 3339 2293 3405 der
2322 3339 2498 3406 Grie-

353 3447 513 3512 chen
574 3446 714 3512 und
760 3443 1018 3531 R‘o‘mer,
1071 3443 1253 3536 quasi
1308 3445 1649 3525 thesaurus
1710 3467 1849 3512 esse
1898 3445 2183 3531 videtur,
2239 3447 2308 3512 in
2359 3471 2496 3537 quo

354 3553 579 3617 omnia
615 3573 761 3640 quae
801 3549 885 3614 ad
917 3550 1245 3639 antiquam
1298 3549 1773 3642 Geographiam
1817 3551 2147 3640 pertinent
2189 3571 2494 3644 congesta

351 3659 629 3724 sortasse
653 3657 871 3746 potius
894 3679 1088 3744 quam
1114 3655 1355 3746 digesta
1391 3679 1527 3720 non
1563 3655 1910 3722 diffitebor.
1933 3657 2300 3724 Multorum
2327 3684 2493 3750 prae-

350 3783 531 3829 term
558 3760 971 3828 eruditorum
1004 3763 1293 3826 virorum
1331 3761 1597 3827 nomina
1635 3781 1980 3828 occurrent
2029 3763 2149 3829 tibi
2188 3765 2252 3828 in
2299 3767 2491 3832 notis.

356 3871 547 3952 Quos
576 3868 769 3950 inter,
800 3869 1141 3933 nominare
1173 3868 1282 3932 hic
1320 3869 1480 3932 mihi
1511 3890 1755 3958 paucos
1784 3870 2002 3952 liceat,
2038 3892 2322 3959 quorum
2356 3895 2490 3936 non

354 3999 555 4064 opera
586 3991 877 4058 tantum,
913 3973 1025 4039 sed
1056 3975 1247 4040 ctiam
1277 3974 1541 4046 consilia
1570 3973 1730 4040 mihi
1764 3998 1897 4039 non
1931 3973 2309 4042 defuerunt:
2336 3977 2494 4042 cele·

358 4081 715 4146 ben-imum
764 4080 1153 4164 Gossntun,
1200 4081 1385 4162 cujus
1430 4082 1656 4171 peritae
1701 4104 1932 4146 manus
1975 4083 2236 4164 orbem,
2287 4101 2363 4147 ut
2406 4083 2492 4148 ita

354 4183 563 4252 dicam
586 4235 606 4269 ,
638 4188 982 4274 antiquum
1027 4208 1261 4274 magna
1306 4209 1381 4250 ex
1434 4182 1614 4276 palie
1660 4187 2127 4272 restituerunt;
2163 4188 2491 4254 eruditum
