3300 5175
862 521 1002 614 274

1279 471 1288 481 ⁶
1403 517 1479 584 c.
1533 498 2155 588 PLINII'NAT.
2210 515 2468 584 msT.

859 647 1288 746 Physcella²²‚
1355 645 1675 743 Ampelos
1692 637 1763 732 ²³,
1815 651 2082 718 Torone
2098 701 2118 736 ‚
2178 649 2419 741 Singos
2460 671 2477 714 :
2524 643 2771 714 fretum
2792 694 2814 728 ,
2870 667 3004 737 quo

859 769 1156 827 montem
1188 754 1414 824 Athon
1437 758 1695 826 Xerxes
1710 745 1759 790 ²⁴
1779 780 1897 826 rex
1916 757 2267 826 Persarum
2300 751 2667 822 continenti
2700 749 3003 834 abscidit,

855 866 926 934 in
953 861 1378 958 longitudine·
1395 886 1712 957 passuum
1742 885 1821 932 Μ.
1845 887 1912 934 n.
1941 864 2143 932 Mons
2174 863 2312 957 ipse
2344 883 2387 928 a
2412 857 2684 955 planitie
2714 857 3005 929 excurrit

857 972 928 1038 in
983 993 1170 1039 mare
1229 993 1408 1038 mxxv
1451 968 1612 1038 mill.
1672 993 2011 1064 passuum.
2070 967 2377 1038 Ambitus
2430 964 2671 1034 radicis
2734 978 3004 1034 centum

855 1061 1399 1172 quinquaginta²⁵
1427 1073 1585 1144 min.
1615 1074 1910 1170 conligit.
1942 1073 2291 1171 Oppidum
2316 1062 2367 1102 ²⁶
2392 1073 2463 1142 in
2491 1071 2841 1142 cacumine
2880 1069 3006 1140 fuit

855 1284 1071 1338 Derrim
1087 1321 1105 1347 ‚
1127 1295 1180 1336 et
1203 1295 1419 1354 portum
1442 1283 1536 1355 qui
1557 1284 1734 1352 Κωφὸς
1758 1281 1891 1336 dici-

857 1377 972 1418 tur:
995 1361 1427 1431 urbes,Toronen
1452 1375 1507 1416 et
1527 1361 1891 1432 Physcellam:

859 1457 1018 1516 atque
1038 1439 1186 1498 unde
1211 1442 1316 1514 ipsi
1339 1460 1538 1496 nomen
1561 1455 1642 1496 est
1656 1484 1671 1508 ‚
1696 1443 1887 1514 Mecy-

855 1523 1080 1578 bernam
1099 1520 1345 1596 incingit·
1367 1547 1390 1568 n
1417 1521 1486 1577 Et
1506 1521 1669 1594 paulo
1683 1541 1893 1593 expres-

859 1603 968 1656 sius
992 1603 1254 1676 Scymnus
1279 1601 1475 1670 Chius,
1497 1619 1618 1674 pag.
1645 1605 1717 1656 26
1740 1619 1754 1654 :
1780 1596 1890 1656 Εἶτ’

860 1679 966 1736 iuri
989 1683 1171 1743 κόλπος
1197 1681 1458 1754 λεγόμενος
1483 1683 1751 1752 Τορωνυώς
1767 1719 1785 1746 ,
1816 1675 1891 1736 Of»

860 1763 1090 1834 πρότερον
1131 1757 1189 1818 ’ἦν
1218 1783 1294 1824 τις
1323 1758 1618 1834 Μηκυέίρνη
1653 1763 1853 1832 κειμένη
1876 1784 1889 1797 ·

862 1833 985 1906 ἑξῆς
1021 1843 1218 1912 Τορῶνη
1254 1845 1359 1904 τοῖς
1399 1842 1571 1903 τόποις
1603 1842 1891 1914 ὁμωνύμως.

864 1922 1001 1988 Quas
1034 1920 1110 1974 sic
1137 1919 1358 1975 Latinus
1385 1921 1656 1993 interpres
1684 1917 1855 1974 edidit
1877 1939 1890 1973 :

871 2029 894 2050 ι
928 1997 1139 2054 Deinde
1183 2000 1331 2054 sinus
1387 2013 1466 2054 est
1484 2039 1502 2065 ,
1559 1999 1894 2054 Toronicum

865 2099 1027 2154 quem
1066 2079 1377 2148 nominant,
1416 2079 1531 2133 Ubi
1570 2092 1727 2136 antea
1777 2099 1895 2153 quo

865 2161 1189 2234 Mecyberna
1218 2159 1457 2214 constitit
1471 2197 1488 2226 ‚
1516 2159 1604 2214 Ex
1636 2178 1749 2232 quo
1782 2161 1893 2214 To·

868 2258 1030 2305 rona,
1064 2257 1184 2312 qun
1212 2239 1320 2294 loci
1365 2252 1443 2294 est
1480 2238 1833 2311 cognominis.
1864 2266 1886 2286 ι

868 2322 995 2374 Hoec
1026 2337 1199 2391 quum
1219 2319 1324 2373 sint
1341 2317 1477 2373 adeo
1497 2319 1618 2372 luce
1636 2319 1861 2374 clariora
1876 2357 1894 2383 ,

867 2401 1035 2454 miror
1079 2417 1112 2453 a
1149 2399 1536 2454 recentioribus
1579 2398 1898 2472 geographis

868 2476 1204 2534 confidenter
1268 2498 1380 2534 esse
1441 2478 1859 2550 pronunciatum
1880 2518 1897 2545 ‚

870 2559 1141 2613 diversum
1185 2557 1346 2629 plane
1385 2578 1414 2613 a
1464 2556 1737 2613 Toronico
1786 2576 1897 2613 esse

869 2639 1304 2710 Mecybernaeum
1344 2638 1539 2692 sinum.
1589 2637 1772 2691 Eun.
1822 2670 1899 2681 -—

869 2716 1043 2772 Hodie
1083 2716 1285 2771 dicitur
1315 2716 1452 2787 golfi
1488 2719 1550 2770 de
1591 2716 1869 2773 Cassander
1882 2756 1900 2782 ,

872 2798 983 2851 sive
1009 2794 1263 2869 d'Hagios
1290 2796 1500 2851 Mamas.
1525 2796 1634 2849 En·

954 2898 982 2931 2
995 2896 1048 2929 2.
1097 2874 1370 2940 Physeella.
1417 2877 1596 2931 Dalec.
1638 2876 1899 2941 Physcela.

871 2954 1060 3012 chiffl.
1087 2954 1324 3021 Mycella.
1350 2956 1459 3009 Eu.
1485 2989 1566 3000 —
1584 2955 1717 3009 Haec
1742 2956 1899 3010 Mela

869 3038 1072 3111 pariter
1100 3049 1411 3099 memorata.
1436 3036 1533 3091 lib.
1561 3036 1647 3101 11,
1674 3053 1793 3108 cap·
1829 3035 1861 3089 3
1881 3072 1899 3101 ,

871 3138 992 3191 pag.
1026 3118 1119 3173 31.
1149 3114 1332 3169 Halm.

957 3196 1050 3252 23.
1087 3196 1334 3269 Ampelos.
1363 3196 1470 3249 Pro
1497 3194 1678 3266 Singos
1707 3195 1903 3269 legitur

871 3298 960 3351 ap.
986 3276 1172 3333 Chiffl·
1197 3274 1503 3346 Sigeostolos
1517 3295 1540 3339 ;
1570 3276 1628 3329 in
1664 3288 1770 3331 vet.
1808 3294 1899 3349 ap.

873 3358 1051 3412 Dalec.
1085 3356 1422 3426 Seggoscedes.
1449 3354 1556 3411 En.
1587 3388 1669 3399 --
1690 3354 1902 3413 Eodem

869 3456 1088 3511 prorsus
1101 3434 1293 3491 ordine
1307 3432 1629 3501 Herodotus,
1645 3437 1894 3509 Polymn.

869 3518 964 3571 lib.
987 3518 1132 3583 vn,
1152 3535 1304 3569 num.
1337 3535 1407 3569 22
1430 3554 1444 3582 ,
1469 3534 1588 3589 pag.
1611 3522 1724 3581 422
1746 3557 1763 3581 ,
1781 3498 1897 3589 Ᾰμ·

869 3605 1049 3662 πιλος,
1085 3594 1318 3666 Τορώνη,
1359 3596 1553 3667 Σίγγος.
1601 3596 1691 3651 Sic
1733 3594 1897 3651 etiam

869 3678 1184 3731 Ptolemaeus
1201 3713 1218 3740 ‚
1245 3674 1341 3728 lib-
1373 3676 1490 3739 111,
1518 3695 1563 3729 c.
1591 3672 1692 3729 13·
1723 3676 1897 3748 Hujus

869 3758 1018 3831 Singi
1037 3756 1226 3811 incolae
1245 3758 1464 3827 Σιγγοιῖοι
1481 3752 1625 3827 apud
1639 3754 1893 3827 Thucyd.

866 3836 961 3893 lib.
983 3838 1068 3900 V,
1111 3854 1234 3909 pag.
1282 3834 1415 3890 356.
1483 3834 1624 3889 Situs
1670 3836 1895 3891 omnino

865 3918 1159 3989 ignoratur.
1177 3914 1360 3969 Han.
1391 3927 1444 3968 et
1469 3914 1572 3969 En.

949 4003 1042 4063 24.
1076 3996 1289 4049 Xerxes.
1319 3992 1448 4049 Haec
1479 3994 1695 4049 Solinus
1725 4012 1755 4049 a
1784 3994 1895 4049 Pli-

862 4078 988 4143 nio,
1029 4095 1150 4148 cap.
1189 4097 1256 4147 9,
1299 4094 1419 4149 pag.
1455 4072 1548 4130 25.
1589 4075 1795 4129 Plinius
1822 4076 1891 4129 ab

863 4155 1166 4222 Herodoto,
1205 4156 1416 4227 Polym.
1440 4154 1536 4209 lib.
1563 4156 1708 4221 VII,
1738 4174 1889 4211 num.

1966 4078 2123 4142 ·v11,
2155 4096 2287 4130 num
2322 4097 2430 4143 22,
2470 4096 2527 4150 p.
2559 4076 2707 4148 394,

1986 1289 2087 1348 24,
2116 1301 2240 1354 pag..
2266 1282 2376 1352 394
2396 1318 2414 1344 ,
2442 1301 2473 1336 a
2500 1298 2610 1352 quo
2637 1291 2694 1332 et
2716 1279 2888 1345 Mela,
2906 1277 3005 1332 lib.

1980 1361 2061 1420 11.
2087 1381 2206 1434 cap.
2234 1381 2263 1416 2
2288 1380 2305 1415 ·.
2330 1384 2352 1404 ι
2371 1361 2492 1428 Qua
2514 1357 2811 1416 continenti
2831 1359 3007 1414 Athos

1978 1440 2231 1504 adheret,
2250 1441 2428 1496 Xerxe
2450 1441 2506 1494 in
2528 1437 2720 1494 Graios
2739 1437 3007 1504 tendente,

1980 1521 2251 1592 perfossus
2293 1521 2753 1594 mnsjugatusque
2784 1531 2893 1586 est,
2938 1519 3010 1572 fa-

1980 1614 2097 1655 ctus
2115 1600 2254 1655 freto
2269 1600 2554 1674 navigabili
2571 1599 2803 1672 pervius.
2825 1625 2849 1646 ι
2882 1599 3011 1652 Fos-

1981 1699 2091 1734 sam
2121 1699 2227 1753 qua
2266 1693 2509 1736 montem
2544 1699 2574 1734 a
2603 1679 2905 1734 continenti
2930 1697 3012 1734 se·

1976 1761 2161 1833 junxit
2178 1798 2195 1826 ,
2238 1760 2436 1814 fretum
2479 1772 2676 1814 vocant
2694 1798 2713 1826 ,
2752 1759 3009 1830 quoniam

1980 1841 2057 1894 ibi
2084 1857 2232 1894 mare
2271 1839 2565 1894 immissum
2596 1841 2815 1904 ferveat.
2840 1839 3013 1892 Athos

1980 1919 2142 1974 hodie
2185 1919 2358 1973 Monte
2395 1919 2553 1974 Sanco
2566 1958 2584 1988 ,
2626 1919 2738 1974 sive
2788 1917 3017 1990 Hagion-

1986 2000 2117 2054 Oms
2146 1997 2365 2066 dicitur,
2392 1999 2540 2076 quod
2570 2018 2772 2054 nomen
2804 1999 2965 2052 traxit
2981 2017 3015 2051 a

1982 2081 2205 2154 triginta
2222 2079 2557 2136 monasteriis
2575 2093 2629 2134 et
2655 2099 2747 2134 sex
2772 2077 3015 2134 millibus

1982 2161 2075 2232 qui
2103 2179 2226 2214 eum
2253 2160 2501 2214 incolunt
2517 2198 2535 2228 ,
2558 2158 2854 2217 coenobitis.
2881 2161 2987 2212 En.

2069 2239 2161 2294 25.
2216 2239 2419 2294 Centum
2454 2243 2805 2312 quinquaginta
2839 2239 3012 2294 millia

1983 2319 2351 2392 Geor-gerinus
2378 2359 2392 2382 ,
2442 2319 2878 2392 archiepiscopus
2920 2318 3017 2372 Sa-

1984 2397 2125 2452 mius
2142 2440 2158 2462 ,
2188 2399 2265 2454 ait
2289 2398 2551 2454 ambitum
2576 2419 2685 2454 esse
2709 2419 2847 2452 cnxx
2872 2399 3013 2452 min.

1982 2497 2120 2550 pass.
2156 2477 2342 2532 Tantae
2374 2491 2550 2532 autem
2595 2477 2896 2532 altitudinis
2936 2492 3019 2531 est

1985 2577 2139 2613 mons
2165 2557 2335 2611 Athos
2351 2600 2367 2622 ,
2398 2570 2461 2611 ut
2484 2557 2727 2615 Lemnon
2756 2558 3016 2622 insulam,

1984 2657 2131 2693 nunc
2171 2636 2463 2709 Stalitnenae,
2502 2637 2851 2713 quadraginta
2884 2638 3019 2693 mil·

1986 2718 2129 2771 libus
2167 2737 2420 2791 passuum
2463 2717 2782 2783 distantem,
2819 2720 3017 2775 umbra

1986 2816 2082 2851 sua
2099 2834 2117 2861 ,
2146 2816 2314 2869 quum
2345 2798 2425 2851 sol
2450 2796 2650 2853 occidit
2667 2834 2685 2862 ‚
2721 2796 3019 2871 aliquando

1987 2890 2154 2949 tegat,
2177 2891 2307 2933 teste
2323 2876 2517 2932 eodem
2542 2878 2894 2951 Georgerino.
2908 2878 3017 2931 En.

2074 2960 2167 3011 26.
2204 2956 2453 3028 Oppidum
2476 2959 2602 3025 suit.
2632 2958 2909 3013 Inter-iisse
2942 2959 3019 3012 si·

1984 3036 2204 3109 gnificat
2218 3076 2234 3105 ,
2252 3049 2411 3111 atque
2432 3036 2491 3091 in
2514 3040 2629 3111 ejus
2648 3038 2827 3093 locum
2850 3038 3023 3111 Apol-

1986 3116 2188 3172 loniam
2234 3136 2345 3171 esse
2380 3116 2700 3183 suffectam,
2737 3119 2891 3189 cnjus
2930 3119 3019 3172 in·

1988 3196 2144 3263 oolae,
2170 3209 2235 3250 ut
2259 3196 2410 3269 prius
2433 3198 2692 3251 Acrothoi
2706 3235 2724 3265 ,
2749 3198 3023 3253 Macrobii

1987 3276 2514 3348 cognominarentur.
2564 3278 2709 3332 Mela
2746 3276 2871 3331 loco
2922 3278 3021 3331 cit.

1995 3382 2019 3405 ι
2038 3358 2105 3411 In
2137 3374 2347 3411 summo
2370 3356 2477 3411 fuit
2506 3357 2777 3431 oppidum
2809 3360 3017 3411 Acron-

1986 3436 2121 3491 thon
2146 3456 2159 3490 :
2192 3436 2250 3489 in
2277 3454 2386 3509 quo
2405 3476 2422 3505 ,
2454 3450 2514 3492 ut
2541 3438 2721 3495 ferunt
2739 3478 2755 3503 ,
2782 3436 3023 3491 dimidio

1984 3516 2198 3590 longior
2222 3555 2239 3583 ‚
2270 3534 2432 3589 quam
2462 3516 2520 3571 in
2552 3517 2667 3573 aliis
2699 3518 2855 3573 terris
2894 3531 3025 3573 etas

1983 3594 2337 3651 habitantium
2374 3608 2505 3651 erat.
2523 3622 2547 3645 ι
2574 3596 2852 3651 Acrothon
2884 3616 3027 3653 con·

1982 3687 2150 3731 tracte
2170 3696 2272 3748 pro
2295 3678 2583 3730 Aemathon
2608 3676 2841 3733 dicitur:
2874 3678 3029 3731 cive-

1982 3747 2246 3829 Ᾰκρόθωοι,
2263 3770 2353 3812 aut
2372 3757 2549 3831 ipsum
2572 3757 2731 3811 etiam
2746 3756 3029 3829 oppidum

1986 3855 2015 3889 a
2045 3834 2367 3908 Thucydide
2409 3838 2740 3911 appellatur,
2769 3836 2867 3891 lib.
2900 3838 3031 3901 IV,

1982 3934 2105 3989 pag.
2132 3916 2264 3971 325.
2295 3918 2569 3971 Acrothon
2592 3918 2779 3973 Solino
2799 3956 2816 3983 ,
2840 3936 2891 3970 c.
2918 3936 2987 3971 xx
3010 3958 3027 3979 .

1983 4014 2105 4069 pag.
2154 3996 2246 4053 31.
2295 3996 2573 4052 Herodoto
2596 4036 2612 4065 ,
2659 3997 2759 4051 Pol
2798 4016 2873 4051 m.
2914 3997 3031 4051 tib.

2736 4017 2991 4150 Lecton-0
3014 4118 3031 4143 ,

1980 4157 2172 4221 Θῦσος,
2199 4159 2445 4211 Κλεωναί.
2476 4158 2658 4211 ΗΑιι).
