3300 5175
1204 505 1512 574 LIBER
1561 505 1692 573 IV.

2386 507 2520 605 287

381 652 452 708 et
501 635 670 707 alter
688 690 709 723 ,
763 637 880 732 qui
939 636 1300 710 Mulierum
1375 640 1905 733 cognominatur.
1978 641 2523 716 promontorium

381 729 862 839 Chrysoceras³
880 796 900 831 ,
941 745 1012 814 in
1053 769 1188 839 quo
1229 743 1550 839 oppidum
1587 747 1977 840 Byzantium
2024 743 2249 816 liberae
2289 751 2523 824 condi-

381 852 609 939 tionis,
638 866 835 934 antea
876 838 1138 947 Lygos⁴
1174 852 1448 923 dictum.
1491 838 1734 922 Abest⁵
1774 875 1815 920 a
1852 853 2231 946 Dyrrachio
2270 859 2518 950 septin-

377 959 598 1052 gentis
622 958 934 1030 undecim
962 957 1250 1028 millibus
1275 982 1609 1054 passuum.
1633 961 1921 1028 Tantum
1962 972 2145 1052 patet
2174 959 2523 1064 longitudo

380 1079 708 1134 terrarum
737 1067 912 1136 inter
933 1063 1346 1136 Adriaticum
1371 1080 1649 1134 marcet
1684 1063 2185 1159 Propontidem.
2228 1073 2475 1142 Amnes
2504 1085 2519 1127 Ξ

379 1157 806 1265 Bathynias⁶‚
842 1171 1163 1266 Pydaras,
1219 1173 1359 1242 sive
1407 1175 1668 1266 Atyras.
1742 1171 2011 1268 Oppida
2068 1170 2475 1268 Selymbria⁷
2498 1229 2519 1260 ,
2556 1208 2589 1256 9

380 1265 767 1348 Perinthus⁸
817 1276 1162 1348 latitudine
1237 1303 1324 1350 cc
1394 1276 1753 1374 passuum⁹
1808 1278 2182 1354 continenti
2242 1304 2519 1360 annexa.

458 1493 513 1548 3.
570 1493 907 1553 Chr-rsocems.
962 1494 1160 1565 Χρυσοῦ
1191 1497 1398 1567 κέρατος

377 1573 828 1646 promontorium,
842 1574 950 1626 boc
968 1587 1070 1640 est,
1084 1578 1379 1628 aureae‘comu
1388 1613 1404 1641 ,

377 1653 446 1706 de
473 1672 582 1726 quo
609 1653 703 1707 lib.
729 1654 846 1720 lx,
891 1673 1005 1727 cap.
1038 1673 1124 1708 so.
1165 1655 1404 1708 Plinium

378 1733 620 1799 Solinus,
665 1751 784 1804 cap.
817 1752 878 1798 x,
922 1753 1041 1806 pag.
1071 1735 1170 1799 183
1219 1747 1273 1788 et
1299 1736 1402 1789 Ca·

375 1814 546 1884 pella,
571 1812 668 1867 lib.
700 1813 781 1864 vl
796 1852 813 1878 ,
833 1829 880 1876 e,
907 1811 976 1866 de
1001 1813 1257 1880 Thracia,
1281 1834 1401 1886 pag.

381 1911 491 1946 πω
521 1929 538 1956 ,
586 1892 655 1947 de
695 1909 845 1946 more
875 1893 1235 1948 transcribunt
1283 1913 1296 1946 ε
1349 1907 1403 1949 et

376 1972 527 2024 Missi
576 1970 870 2026 Theodosii
893 2011 910 2036 ,
960 1991 1190 2045 quorum
1241 1976 1403 2028 verba

375 2051 714 2106 recitabimus
757 2052 814 2104 in
861 2065 986 2106 nota
1037 2053 1278 2124 proxime
1319 2073 1404 2124 tte·⁴

376 2133 582 2203 quenti.
600 2133 782 2186 Hsan.

461 2219 515 2278 4.
530 2213 696 2267 Antea
728 2212 906 2283 lygos.
926 2213 1064 2266 Sunt
1087 2212 1187 2285 qui
1209 2213 1403 2284 Longos

375 2293 466 2346 hie
515 2293 721 2364 legant,
765 2311 828 2346 ex
873 2292 1027 2346 Mss.
1057 2291 1400 2365 quibusdam.

373 2374 678 2444 Perperam.
742 2371 1032 2443 vulgatam
1081 2373 1401 2445 scripturam

373 2450 612 2506 defendit
639 2451 941 2517 Ausonius,
963 2452 1240 2524 Epigram.
1269 2473 1291 2508 x
1330 2453 1400 2508 de

371 2530 526 2584 claris
565 2531 792 2586 urbibus
814 2569 832 2596 ,
879 2550 1000 2604 pag.
1049 2535 1121 2605 69
1142 2571 1161 2600 ,
1191 2533 1282 2586 ubi
1331 2533 1400 2587 de

371 2612 874 2683 Constantinopoli,
917 2624 972 2667 et
1026 2613 1346 2685 Carthagine
1376 2635 1392 2667 ε

379 2718 401 2738 ι
421 2693 504 2745 Ite
524 2710 678 2763 pares
701 2689 918 2745 tandem
939 2712 1231 2761 memores,
1249 2693 1399 2766 quod

371 2770 593 2826 numine
635 2770 818 2824 divum
855 2774 1120 2844 Augustas
1157 2776 1398 2829 mutastis

371 2869 530 2922 opes,
555 2863 611 2905 et
633 2851 853 2905 nomina
881 2869 895 2904 ε
917 2864 978 2905 tu
1003 2870 1170 2923 quum
1189 2855 1397 2925 Byzan-

371 2931 482 2984 tina
493 2930 698 3003 Lygos,
713 2942 772 2983 tu
785 2932 988 2987 Punica
1001 2933 1168 3003 Byrsa
1181 2934 1350 2989 fuisti.
1363 2960 1386 2984 ι

370 3010 514 3064 Hinc
533 3007 776 3063 codicem
799 3010 1089 3065 Missorum
1108 3013 1399 3069 Theodosii

371 3086 678 3144 emendabis
697 3108 711 3143 ε
736 3116 758 3141 ι
776 3092 1215 3145 Promontorium
1229 3093 1398 3167 Chry·

370 3188 500 3223 sone
518 3188 646 3225 airas
666 3160 819 3241 (lege
833 3162 1186 3244 Chrysoceras)
1210 3173 1266 3227 in
1288 3192 1396 3245 quo

369 3248 633 3321 oppidum
659 3250 1003 3319 Byzantium,
1043 3251 1226 3305 libera!
1267 3272 1396 3307 con-

369 3328 588 3383 ditionis
623 3370 640 3394 ,
697 3342 848 3385 antea
893 3331 1068 3402 Logos
1124 3330 1328 3387 dictum
1376 3352 1391 3387 :

371 3406 392 3471 (
417 3409 589 3463 scribe
641 3410 824 3481 Lygos.
847 3400 872 3479 )
917 3412 1082 3466 Abest
1117 3430 1148 3465 a
1193 3414 1393 3484 Dyrra·

369 3490 493 3543 chio
521 3506 685 3543 nccxr
707 3490 842 3543 mill.
869 3510 1137 3563 passuum.
1155 3494 1392 3550 Tantum

366 3580 513 3641 patet
580 3568 860 3642 longitudo
929 3584 1192 3626 terrarum
1251 3574 1391 3629 inter

368 3647 708 3722 Adriaticum
724 3668 869 3703 mare
882 3664 934 3706 et
947 3651 1350 3725 Propontidem.
1363 3681 1386 3705 ι

369 3729 502 3794 Qun
533 3729 712 3783 verbis
744 3729 970 3785 totidem
999 3734 1108 3804 jam
1145 3735 1393 3805 proxime

366 3808 587 3865 Plinius.
609 3809 792 3865 Han.

452 3890 504 3943 5.
537 3889 727 3956 Abest,
775 3904 875 3943 etc.
918 3892 1001 3945 Ita
1031 3891 1280 3958 Solinus,
1339 3908 1394 3949 et

369 3968 690 4039 Martianus,
707 3970 813 4023 loc.
837 3970 927 4023 cit.
937 3970 1125 4025 Hann.

449 4052 503 4103 6.
537 4050 826 4123 Bathynias.
879 4052 1005 4109 Vet.
1064 4070 1151 4123 ap.
1208 4052 1388 4107 Dalec.

378 4154 399 4174 ·
423 4128 734 4203 Bathynias,
747 4129 990 4197 Pidaras,
1008 4144 1062 4185 et
1071 4136 1261 4203 Atyras
1279 4131 1390 4186 sive

1493 1491 1729 1564 Hydas.
1741 1519 1764 1540 n
1782 1493 1887 1546 En.
1904 1525 1985 1536 —
2000 1496 2237 1557 Βαθυνίοις
2252 1497 2453 1568 pariter
2470 1513 2524 1554 et

1491 1565 1681 1646 Ᾰθύροις
1694 1610 1708 1632 ,
1738 1573 1881 1634 inter
1900 1573 2215 1644 Byzantium
2236 1588 2293 1628 et
2314 1578 2522 1650 Selym-

1489 1652 1665 1708 briam
1682 1691 1701 1716 ,
1728 1651 1871 1723 apud
1897 1654 2121 1708 Ptolem.
2149 1654 2244 1708 lib.
2266 1657 2378 1723 ΙΙΙ,
2403 1677 2518 1732 esp.

1501 1752 1524 1786 1
1543 1751 1564 1786 1
1578 1772 1593 1785 .
1644 1725 1834 1803 Ᾰθὺρας
1864 1751 2080 1806 quoque
2108 1734 2379 1807 Stephano
2408 1757 2521 1795 me·

1489 1825 1749 1868 moratur.
1779 1814 1971 1867 Certus
2000 1824 2177 1868 autem
2194 1816 2327 1870 situs
2347 1819 2523 1875 omni-

1491 1911 1564 1950 no
1592 1893 1897 1964 ignoratur.
1922 1892 2105 1948 Han.
2130 1906 2187 1947 et
2214 1897 2322 1950 En.

1572 1992 1628 2042 7.
1668 1969 1959 2042 Selymbria.
1998 1965 2283 2045 Σηλυμῧρὶα
2302 1975 2521 2047 Stepha-

1490 2070 1566 2105 no
1613 2071 1628 2104 z
1670 2069 1699 2104 a
1756 2051 1913 2122 Selye
1943 2050 2022 2105 sic
2048 2054 2353 2124 appellata:
2393 2057 2520 2128 Βρὶα.

1491 2131 1667 2197 enim,
1700 2129 1908 2203 inquit,
1934 2131 2233 2188 Thracibus
2257 2134 2521 2206 oppidum

1489 2223 1644 2270 sonat
1666 2228 1681 2264 :
1710 2223 1770 2263 ut
1786 2211 2087 2282 Selymbria
2104 2249 2123 2279 ‚
2163 2213 2250 2266 vel
2274 2213 2520 2287 Σηλυὸρία.

1487 2281 1605 2356 (sic
1631 2290 1776 2344 enim
1808 2291 2125 2346 Ptolemaius
2156 2292 2367 2360 scribit,
2412 2296 2517 2352 loc.

1487 2371 1584 2424 cit.
1603 2366 1624 2432 )
1640 2370 1737 2435 ,sit
1756 2369 1907 2442 quasi
1930 2371 2115 2446 Selyos
2140 2371 2421 2443 oppidum.
2438 2379 2521 2430 De

1489 2451 1542 2504 vi
1557 2449 1703 2504 vocis
1720 2449 1873 2520 Βρίοι,
1887 2449 2073 2506 eadem
2094 2451 2361 2508 tradidere
2374 2455 2521 2512 stn-

1487 2528 1579 2594 bo,
1599 2529 1695 2583 lib.
1716 2531 1857 2595 vn,
1888 2549 2008 2603 pag.
2026 2532 2134 2603 319
2149 2573 2166 2601 ,
2192 2546 2245 2586 et
2268 2533 2520 2593 NJcolaus

1487 2610 1846 2668 Damascena
1873 2611 1931 2665 in
1961 2614 2211 2685 Excerpt.
2236 2633 2359 2687 pag.
2382 2622 2516 2685 494.

1488 2689 1673 2745 Hum.
1713 2720 1795 2733 -
1830 2690 1991 2747 Nunc
2044 2693 2282 2761 Selima,
2336 2709 2397 2752 ut
2444 2696 2519 2751 ait

1486 2770 1817 2827 n'Auvuut.
1850 2772 1958 2824 En.

1570 2853 1623 2905 8.
1680 2851 1958 2905 Perinthus.
2004 2850 2205 2906 Eadem
2258 2854 2515 2911 Heraclea

1485 2926 1732 2986 Thracio
1781 2931 2069 2985 Perinthus
2120 2934 2513 3002 cognominata.

1483 3008 1839 3075 sozomenus,
1862 3010 1958 3065 lib.
1979 3012 2080 3076 IV,
2090 3028 2207 3081 cap.
2230 3030 2263 3081 7
2283 3052 2300 3076 ,
2326 3014 2510 3086 Hypas-

1484 3089 1691 3145 tianum
1722 3090 1989 3147 Heracleo
2020 3090 2259 3147 Perinthi
2291 3092 2513 3163 Episco-

1483 3187 1617 3239 pum
1666 3182 1837 3223 vocat.
1882 3171 2117 3239 Procop.
2160 3170 2260 3225 lib.
2286 3172 2371 3225 IV
2388 3213 2405 3238 ,
2444 3172 2513 3227 de

1483 3246 1628 3303 aedif.
1653 3249 1849 3306 Justin.
1870 3249 2100 3305 vicinam
2123 3250 2381 3319 Byzantio
2402 3254 2513 3307 He-

1481 3328 1715 3383 racleam
1744 3329 2061 3387 Perinthum
2078 3368 2094 3396 ,
2122 3319 2393 3400 item-mv
2415 3336 2513 3387 116-

1481 3414 1633 3478 ρινθον
1664 3445 1679 3467 ,
1736 3409 1867 3463 olim
1926 3409 2222 3465 Provincia
2278 3410 2509 3485 Europae

1482 3488 1805 3560 metropolin
1862 3488 1936 3541 ait
1989 3489 2149 3543 fuisse
2177 3508 2191 3542 :
2222 3502 2352 3546 tunc
2381 3512 2510 3565 vero

1479 3568 1659 3624 locum
1675 3582 1793 3639 post
1802 3569 2322 3640 Constantinopolim
2334 3574 2512 3643 proxi-

1482 3665 1632 3703 mum
1656 3649 1917 3705 obtinere.
1936 3647 2113 3705 Hodie
2130 3648 2308 3710 kali.
2328 3652 2507 3709 Haut).

1481 3740 1536 3784 et
1565 3730 1673 3781 En.

1560 3828 1616 3879 9.
1685 3807 1779 3861 CC
1795 3828 2041 3879 passuum.
2094 3807 2249 3865 MSS.
2292 3828 2507 3876 omnes,

1485 3887 1583 3941 CC
1597 3889 1791 3959 pedum.
1840 3889 2023 3943 Hann.
2052 3921 2131 3931 --
2177 3890 2320 3941 Bene
2350 3890 2504 3947 MSS.

1480 3966 1713 4023 etcditio
1736 3970 1985 4040 princeps
2000 4006 2016 4034 ,
2040 3968 2338 4039 CCpodum.
2364 3970 2507 4025 Male

1478 4048 1801 4103 recentiores
1826 4046 2088 4105 editiones
2103 4089 2120 4113 ,
2158 4047 2259 4105 CC
2258 4068 2503 4119 passuum.

1477 4134 1646 4189 Baor.
