3300 5175
1235 530 1552 601 LIBER
1605 532 1738 598 IV.

2404 522 2545 611 341

415 651 934 753 (si'credimus)
988 686 1155 756 quos
1199 662 1667 757 Hyperboreos
1690 646 1740 685 ⁸³
1796 657 2247 755 appellavere,
2302 682 2559 728 annoso

413 771 598 867 degit
649 796 826 855 aevo,
885 767 1198 838 fabulosis
1249 767 1580 838 celebrata
1625 765 1981 835 miraculis.
2036 763 2139 833 lbi
2192 765 2559 834 creduntur

413 902 556 947 esse
575 877 872 949 cardines
891 876 1152 957 mundi,
1169 876 1442 944 extremi
1491 898 1574 943 ue
1593 872 1881 943 siderum
1906 871 2189 941 ambitus
2206 922 2226 955 ‚
2254 874 2555 941 semestri

417 982 600 1072 luce,
638 998 708 1052 et
746 1006 882 1051 una
911 981 1020 1050 die
1052 980 1207 1051 solis
1238 983 1454 1051 aversi

501 1211 592 1265 83.
622 1208 960 1280 Hyperboreos
980 1209 1304 1279 appellavere.
1324 1208 1440 1280 Hy-

415 1290 800 1361 perboreorum
851 1307 1051 1341 nomen
1109 1289 1440 1360 gloriamque

416 1369 732 1421 exsuscitare
743 1386 916 1440 nuper
932 1367 1100 1421 voluit
1109 1367 1192 1421 Cl.
1207 1370 1442 1433 ΒΑιιιΥ,

414 1447 759 1519 laudavitque
800 1462 1010 1517 gentem
1053 1447 1398 1500 cultissimam
1426 1487 1441 1513 ,

414 1529 606 1581 artium
623 1526 1098 1597 doctrinarumque
1117 1528 1442 1599 magistram,

415 1625 538 1677 quo
562 1627 593 1661 a
619 1605 787 1678 gradu
814 1614 882 1677 69
903 1605 1199 1661 latitudinis
1223 1606 1288 1660 ad
1317 1626 1440 1677 gra·

416 1684 545 1739 dum
576 1706 647 1756 70
677 1700 988 1760 exporrecta
1021 1688 1141 1740 fuit.
1183 1684 1440 1741 Credide-

414 1766 518 1819 rim
542 1763 687 1819 aliud
715 1766 1040 1837 antiquitatis
1065 1767 1272 1821 latitare
1298 1768 1351 1819 in
1377 1767 1440 1820 iis

415 1844 774 1917 Hyperboreis
792 1888 807 1911 ,
838 1847 922 1899 vel
947 1846 1184 1899 fabulose
1208 1865 1240 1919 a
1265 1846 1439 1899 Plinio

413 1928 747 1991 memoratis,
773 1925 1076 1997 indiciaque
1105 1944 1216 1980 csse
1242 1927 1438 1979 veteris

415 2004 569 2057 famae
614 2018 668 2059 et
710 2006 1190 2078 antiquissimarum
1221 2008 1438 2083 naviga-

415 2084 623 2138 tionum
640 2123 658 2150 ,
695 2086 904 2157 qualem
946 2104 1224 2157 suscepere
1256 2086 1436 2139 Batavi

413 2182 558 2217 anno
583 2182 606 2217 1
621 2167 748 2234 596.
763 2164 868 2219 Sed
887 2184 947 2219 ea
962 2167 1126 2218 fusius
1146 2166 1236 2219 hic
1255 2184 1436 2237 perse·

414 2243 509 2315 qui
531 2264 640 2309 non
662 2244 806 2307 licet.
825 2246 994 2311 Biton).

499 2328 590 2388 84.
620 2324 750 2377 Solis
780 2328 948 2379 avet-si.
1001 2324 1231 2397 Rhodig.
1267 2326 1402 2378 XVI
1421 2363 1437 2391 ,

413 2418 529 2475 cap.
565 2422 632 2455 υ
683 2422 696 2455 :
744 2428 767 2452 α
799 2406 876 2469 Et⁵
903 2424 1010 2458 una
1036 2404 1126 2459 die
1163 2406 1232 2459 ab
1270 2405 1436 2477 aequi-

411 2483 592 2537 noetio
619 2502 785 2540 verno
826 2484 883 2536 in
925 2498 1244 2540 autumnum
1277 2505 1291 2537 ε
1321 2504 1436 2540 non

411 2574 472 2615 ut
496 2563 732 2634 imperiti
781 2563 992 2630 dixere,
1029 2566 1154 2626 solis
1189 2566 1376 2621 eversi.
1404 2593 1428 2614 ι

412 2641 558 2696 ‘Vide
585 2642 724 2708 Bud,
757 2663 780 2698 1
801 2683 818 2706 ,
843 2643 914 2699 de
940 2647 1055 2698 Ass.
1083 2646 1200 2700 aliis
1238 2664 1254 2699 :
1286 2669 1309 2692 ι
1341 2647 1436 2702 Se-

411 2734 604 2775 mestre
629 2723 748 2776 luce
775 2736 826 2777 et
853 2743 958 2778 una
981 2736 1170 2788 nocte,
1193 2744 1308 2779 nou
1339 2740 1397 2780 ut
1416 2765 1434 2792 ,

413 2813 515 2854 etc.
539 2827 561 2848 ι
586 2803 882 2856 Duum—
905 2805 1152 2858 semestri
1175 2805 1264 2858 illa
1284 2806 1404 2859 luce
1419 2846 1434 2872 ,

412 2878 618 2951 inquit,
668 2881 760 2934 illa
787 2882 1154 2937 tantummodo
1180 2886 1436 2939 continua

411 2959 1114 3034 constituitur‚effieiturque
1131 2963 1244 3018 dies
1261 2984 1276 3016 a
1297 2965 1408 3018 sole
1420 3004 1436 3031 ‚

411 3037 544 3091 dum
570 3038 798 3103 occidit,
829 3059 928 3113 per
953 3042 1197 3112 exiguum
1226 3055 1436 3114 tempo-

411 3119 488 3172 ris
522 3120 753 3191 spatium
806 3139 1022 3182 averso.
1063 3120 1180 3174 sive
1211 3123 1390 3176 abdito
1418 3140 1432 3175 ε

411 3197 550 3251 nihil
576 3211 638 3252 ut
663 3200 1000 3254 tenebrarum
1025 3201 1166 3254 inter
1187 3195 1436 3256 occasum

413 3292 760 3351 exortumque
787 3281 912 3334 solis
935 3280 1074 3337 senis
1103 3279 1208 3334 illis
1240 3283 1436 3334 mensi·

411 3357 514 3410 bus
571 3357 877 3413 intercedat.
929 3362 1186 3414 Aversum
1233 3362 1436 3433 pariter

413 3455 520 3490 una
555 3438 673 3491 luce
696 3439 860 3492 solem
897 3439 1109 3494 Solinus
1145 3439 1306 3507 dixit,
1327 3442 1432 3494 loc.

411 3517 576 3570 citato
593 3535 606 3570 :
623 3537 720 3582 nec
737 3518 878 3572 visus
889 3532 1062 3575 tamen
1086 3518 1218 3592 quid
1234 3519 1436 3576 diceret

413 3597 752 3652 intellexisse.
785 3599 970 3666 Han.

497 3677 592 3734 85.
619 3677 735 3730 Non
761 3689 814 3732 ut
839 3682 1058 3750 imperiti.
1084 3680 1288 3735 Tamen
1314 3700 1430 3736 eer-

409 3756 610 3812 tissima
625 3757 844 3827 sphaerae
867 3760 1190 3830 probatione
1199 3773 1403 3815 constat
1410 3797 1426 3824 ,

411 3855 523 3889 non
548 3838 771 3891 solstitio
804 3838 914 3892 illic
953 3840 1086 3892 soles
1112 3840 1276 3905 oriri,
1302 3841 1430 3895 bru·

411 3934 604 3988 meque
615 3917 778 3978 semel
791 3917 1058 3980 occidere:
1076 3917 1168 3972 sed
1187 3920 1256 3973 ab
1277 3923 1434 3992 sequi-

413 3997 592 4050 noctio
614 4015 782 4050 verno
809 3997 878 4058 ad
907 4000 1243 4070 autumnale,
1269 4019 1434 4055 seme-

415 4086 572 4128 strem
593 4077 738 4130 illam
764 4077 966 4141 iucem,
999 4079 1183 4150 utique
1203 4081 1244 4133 si
1265 4097 1435 4135 seme-

413 4155 532 4208 stris
543 4168 622 4210 est
635 4195 652 4222 ‚
665 4157 860 4214 adesse.
878 4158 1197 4220 peritissime
1213 4174 1356 4228 certe
1365 4160 1432 4216 de

1547 1004 1563 1046 :
1595 1004 1731 1048 non
1750 1032 1769 1066 ‚
1801 992 1880 1047 ut
1914 962 2261 1072 imperiti⁸⁵
2300 977 2559 1066 dixere,

1527 1207 1592 1259 iis
1610 1206 1859 1278 gentibus
1873 1205 2042 1269 Mela,
2070 1204 2163 1259 lib.
2191 1204 2307 1269 ΙΙΙ,
2336 1224 2453 1278 cap.
2485 1208 2515 1261 5
2540 1248 2557 1273 ,

1525 1304 1647 1360 pag.
1682 1286 1751 1340 53
1786 1305 1800 1339 ε
1837 1312 1859 1333 ι
1886 1286 1952 1337 In
1980 1286 2208 1339 Asiatico
2230 1283 2409 1339 littore
2426 1326 2445 1353 ,
2472 1287 2557 1339 in-

1527 1367 1645 1437 quit
1665 1405 1685 1431 ,⁸
1706 1365 2040 1437 Hyperborei
2058 1383 2222 1436 super
2234 1366 2555 1435 Aquilonem
2608 1404 2613 1411 ·

1526 1446 1886 1517 Riphaeosque
1920 1457 2127 1497 montes
2151 1485 2167 1508 ,
2212 1445 2313 1497 sub
2340 1445 2457 1517 ipso
2485 1446 2555 1499 si-

1527 1524 1719 1579 derum
1748 1524 1964 1579 cardine
1981 1526 2183 1597 jacent,
2208 1524 2304 1577 ubi
2336 1526 2417 1579 sol
2442 1544 2553 1579 non

1527 1604 1772 1677 quotidie
1824 1618 1887 1658 ut
1939 1604 2131 1673 nobis.
2176 1601 2271 1659 sed
2316 1606 2555 1675 primum

1525 1704 1696 1738 verno
1744 1684 2066 1757 aequinoctio
2111 1695 2355 1748 exortus,
2396 1698 2551 1738 untu-

1525 1766 1691 1817 mnali
1721 1762 1940 1818 demum
1965 1761 2200 1817 occidit:
2229 1776 2282 1816 et
2308 1764 2429 1817 ideo
2464 1784 2551 1819 sex

1525 1845 1798 1898 mensibus
1816 1843 1930 1897 dies
1947 1886 1962 1908 ‚
1992 1856 2045 1897 et
2065 1842 2285 1907 totidem
2304 1844 2420 1897 aliis
2444 1864 2553 1897 nox

1523 1942 1695 2001 usque
1722 1926 1974 1977 continua
1998 1935 2090 1977 est.
2118 1924 2286 1985 Terra
2302 1937 2549 1995 angusta,

1523 2005 1731 2075 aprica,
1762 2023 1860 2075 per
1884 2023 1939 2057 se
1966 2003 2182 2068 fertilis,
2208 2014 2307 2057 etc.
2343 2030 2364 2050 ι
2386 2005 2463 2057 Ut
2488 2022 2550 2057 ea

1523 2102 1633 2137 esse
1661 2103 1783 2137 vera
1812 2084 2139 2148 existimem,
2167 2101 2291 2154 quae
2316 2084 2372 2135 in
2404 2083 2551 2138 hune

1521 2162 1703 2217 locum
1726 2176 1847 2217 sunt
1880 2183 1907 2216 a
1930 2182 2017 2217 me
2044 2162 2251 2235 prolata
2268 2200 2285 2226 ‚
2313 2161 2371 2216 in
2404 2164 2549 2234 prio·

1521 2242 1673 2297 ribus
1696 2244 1866 2310 notis,
1883 2244 2115 2297 alienum
2137 2255 2362 2313 tameqa
2387 2243 2551 2297 Plinii

1523 2322 1737 2395 ingenio
1778 2342 1837 2377 ac
1876 2322 2132 2377 modestia
2173 2320 2388 2375 videtur
2419 2360 2436 2389 ,
2492 2338 2553 2377 ut

1521 2403 1831 2474 imperitum
1852 2404 2161 2476 appellasset
2185 2402 2551 2473 Pomponium

1521 2482 1720 2537 Melam
1735 2521 1751 2549 ,
1776 2484 1953 2539 virum
1978 2483 2153 2537 omnis
2181 2481 2452 2553 elegantia
2477 2496 2551 2537 at-

1522 2582 1630 2635 que
1648 2562 1963 2618 eruditionis
1976 2605 1991 2627 ,
2015 2564 2099 2617 vel
2124 2562 2224 2616 hac
2248 2562 2477 2616 maxime
2493 2564 2551 2619 in

1521 2656 1702 2717 parte,
1720 2643 2087 2717 plenissimum
2112 2661 2126 2695 :
2150 2642 2244 2715 qui
2272 2643 2339 2695 ab
2367 2661 2433 2696 eo
2458 2643 2549 2696 vix

1521 2735 1635 2778 toto
1676 2723 1744 2784 de
1781 2721 2151 2795 geographicis
2188 2722 2351 2774 rebus
2384 2741 2551 2793 opere

1522 2804 1694 2857 latum
1750 2821 1992 2874 unguem,
2048 2800 2277 2857 discedit
2325 2824 2339 2856 ι
2386 2819 2548 2872 quem

1521 2882 1753 2954 denique
1772 2884 1878 2942 hoc
1891 2882 2007 2954 ipso
2035 2883 2091 2935 in
2113 2882 2233 2935 loco
2252 2882 2415 2952 vulgo
2437 2900 2551 2934 cre-

1521 2962 1668 3018 ditur
1712 2962 2113 3034 transcripsisse.
2178 2961 2345 3014 Venit
2385 2960 2550 3031 igitur

1520 3039 1811 3114 aliquando
1840 3043 1896 3112 in
1942 3052 2175 3094 mentem
2196 3079 2211 3104 ‚
2254 3040 2355 3092 levi
2389 3043 2549 3112 traje-

1520 3120 1701 3176 ctione
1729 3121 1941 3176 voculae.
1959 3120 2157 3175 molliri
2180 3157 2197 3184 ,
2237 3137 2333 3172 seu
2358 3119 2551 3191 refingi

1523 3220 1639 3255 eam
1682 3199 1965 3256 commode
1998 3199 2311 3253 sententiam
2346 3217 2499 3271 posse
2530 3220 2549 3258 ε

1531 3308 1554 3331 ι
1589 3293 1650 3334 ut
1680 3299 1795 3334 non
1828 3279 2069 3350 imperiti
2097 3277 2297 3333 dixere.
2332 3305 2355 3326 ι
2389 3279 2550 3332 Mox-

1521 3378 1628 3432 que
1648 3361 1934 3414 verborum
1955 3358 2288 3432 sequentium
2304 3396 2321 3422 ‚
2340 3384 2363 3407 ι
2384 3358 2549 3413 semel

1522 3440 1578 3494 in
1607 3459 1750 3494 anno
1776 3440 1999 3494 solstitio
2024 3438 2271 3492 oriuntur
2294 3436 2359 3492 iis
2379 3440 2515 3493 soles
2532 3476 2550 3502 ‚

1521 3521 1823 3592 brumaque
1866 3520 2030 3574 semel
2075 3517 2357 3584 occidunt,
2394 3543 2418 3566 ι
2457 3517 2550 3572 hie

1522 3601 1627 3654 erit
1645 3600 1941 3654 intellectus
1956 3640 1972 3664 ,
1990 3599 2153 3652 semel
2172 3599 2229 3650 in
2250 3616 2391 3668 anno
2415 3597 2551 3652 oriri

1519 3679 1586 3734 iis
1623 3679 1785 3744 soles,
1810 3692 1972 3750 atque
1999 3676 2059 3731 id
2102 3679 2207 3731 illis
2234 3693 2347 3732 esse
2375 3677 2549 3731 solsti-

1521 3760 1685 3821 tium,
1718 3759 1829 3812 sole
1866 3759 1935 3812 ab
1974 3777 2166 3814 eorum
2197 3757 2367 3810 oculis
2403 3775 2551 3810 nun-

1520 3857 1679 3911 quam
1704 3837 2021 3904 abscedente
2046 3860 2059 3892 :
2090 3838 2255 3891 semel
2276 3835 2549 3901 occidere,

1519 3937 1744 3992 eamque
1769 3919 2019 3974 brumam
2048 3936 2160 3971 esse
2190 3917 2281 3980 iis,
2318 3916 2431 3970 sole
2456 3917 2552 3970 ab·

1520 3998 1652 4054 dito.
1702 3999 1815 4052 Nec
1849 4000 2165 4066 coniecturae
2216 4009 2393 4049 tamen
2435 3996 2555 4066 ipse

1521 4097 1654 4134 meae
1694 4078 1817 4149 plus
1842 4095 2001 4147 quam
2044 4095 2141 4148 par
2192 4087 2269 4129 est
2288 4115 2303 4142 ,
2353 4075 2503 4130 faveo
2534 4094 2551 4132 t

1521 4159 1624 4214 nisi
1649 4159 1753 4213 viri
1770 4155 1970 4212 eruditi
1994 4157 2220 4212 faveant.
2246 4155 2431 4210 Hun-

2096 4250 2233 4334 223
