3300 5175
812 487 964 572 144
1350 595 1431 641 ‘⁴3

806 614 1097 698 Sontini,
1172 609 1369 680 Sirini
1448 661 1468 696 ‚

1334 481 1415 550 C.
1470 477 1823 550 PLINII
1875 475 2092 550 NAT.
2147 477 2406 548 HIST.

1536 608 1868 706 Tergilani
1895 661 1916 695 ‚
1975 609 2317 680 Ursentini
2337 661 2360 695 ‚
2428 605 2829 677 volcentani
2853 595 2912 640 ⁴⁴
2923 661 2946 697 ‚

806 722 1044 817 quibus
1079 715 1509 786 Numestrani
1522 701 1571 748 ⁴⁵
1602 719 1996 812 junguntur.
2033 719 2361 786 Praeterea
2405 713 2724 784 interiisse
2767 715 2951 784 The·

686 827 695 834 '
808 812 1005 896 bas⁴⁶·
1032 828 1338 895 Lucanas
1372 809 1601 893 Cato⁴⁷
1638 838 1874 893 auctor
1915 836 2032 892 est.
2085 826 2172 892 Et
2223 807 2676 891 Pandosiam⁴⁸
2713 823 2950 890 Luca-

808 958 1051 1002 norum
1085 931 1320 1000 urbem
1373 929 1573 999 fuisse
1618 929 2094 1025 Theopompus
2112 983 2133 1017 ‚
2193 929 2264 997 in
2319 951 2453 1022 qua
2502 915 2952 997 Alexander-⁴⁹

808 1041 1115 1136 Epirotes
1146 1035 1551 1107 occubuerit.

881 1175 967 1238 43.
993 1175 1158 1225 Sirini.
1181 1173 1265 1225 Ab
1284 1170 1487 1245 oppido
1508 1170 1615 1224 Siri
1631 1209 1648 1236 ,
1675 1172 1828 1243 cujus

808 1254 997 1309 navale
1032 1251 1272 1305 Heraclia
1318 1251 1447 1304 Siris
1492 1269 1651 1324 supra
1686 1249 1829 1304 dicta

810 1333 985 1386 fuerit.
1008 1333 1202 1383 Sontini
1222 1331 1355 1384 forte
1372 1349 1404 1383 a
1430 1329 1642 1398 Sontia,
1668 1329 1829 1402 vulgo

808 1417 977 1464 Sanza
994 1449 1011 1476 ‚
1039 1411 1175 1463 inter
1198 1413 1464 1462 PoIIcasem
1502 1422 1556 1463 et
1596 1409 1829 1462 Silarum

808 1491 865 1544 ss.
900 1491 1145 1562 Denique
1188 1489 1457 1562 Tergilani
1496 1488 1750 1543 videntur
1790 1489 1830 1542 ii

809 1590 939 1637 esse,
960 1588 1191 1643 quorum
1218 1569 1530 1641 praefectura
1552 1570 1830 1641 Tegenen·

808 1649 882 1702 sis
927 1653 947 1718 (
972 1649 1108 1701 forte
1126 1666 1226 1720 pro
1251 1649 1542 1716 Tergilensis
1558 1651 1603 1716 ),
1632 1647 1832 1700 dicitur

810 1746 845 1781 a
867 1729 1142 1790 Frontino,
1164 1727 1223 1780 in
1244 1727 1486 1778 Lucania
1508 1725 1577 1778 ad
1605 1726 1834 1779 Casven-

810 1821 926 1861 tum
962 1807 1198 1871 flumen,
1239 1805 1329 1857 lib.
1368 1803 1436 1856 de
1472 1804 1665 1858 Colon.
1707 1823 1830 1876 pag.

811 1904 899 1954 9o.
936 1884 1208 1938 Ursentini
1246 1883 1465 1937 omnino
1499 1883 1830 1955 ignorantur.

808 1963 993 2017 Hann.
1022 1975 1074 2016 et
1092 1963 1199 2015 En.
1814 2025 1823 2032 ᾖ

878 2046 963 2105 44.
1018 2041 1334 2091 Volceneam‘.
1379 2038 1527 2090 Inter
1578 2035 1830 2090 mediter-

806 2137 967 2172 ranea
988 2116 1235 2170 Lucaniae
1252 2113 1451 2187 oppida
1470 2115 1617 2168 fuere
1635 2115 1832 2184 Vulci‘,

806 2202 1002 2261 Οὕλκοι,
1024 2195 1246 2248 Ptolem.
1274 2194 1373 2247 lib.
1401 2194 1488 2247 111
1506 2233 1519 2256 ‚
1538 2213 1583 2247 c.
1614 2193 1738 2261 1,ad
1753 2194 1832 2247 Si-

804 2277 975 2330 larum
1002 2289 1215 2328 amnem
1244 2291 1258 2325 :
1280 2291 1421 2326 nunc
1437 2276 1642 2327 Balcino
1669 2285 1720 2326 et
1739 2281 1833 2325 Bu-

805 2360 934 2409 σεήο.
979 2352 1116 2406 Hinc
1142 2351 1495 2418 volcentani,
1543 2352 1637 2424 qui
1683 2351 1832 2423 apud

806 2433 1016 2490 Gruter.
1036 2451 1090 2503 p.
1117 2449 1239 2500 209,
1258 2434 1530 2493 Valesiani,
1557 2443 1610 2484 et
1629 2450 1686 2503 p.
1706 2431 1828 2498 393,

814 2513 1074 2564 Vulceiani
1122 2508 1387 2563 dicuntur.
1450 2509 1634 2563 Livius
1653 2549 1668 2574 ‚
1733 2511 1825 2564 lib.

807 2592 1025 2645 xxvn
1040 2630 1057 2657 ,
1077 2609 1195 2663 cap.
1230 2589 1315 2656 15,
1344 2590 1633 2644 Volcentes
1656 2602 1827 2645 vocat.

807 2670 1083 2732 Frontino,
1108 2686 1230 2741 pag.
1270 2686 1355 2736 90,
1377 2669 1599 2723 Ulciana
1638 2672 1825 2742 profe·

807 2759 975 2801 ctura.
1000 2747 1185 2799 Hsnn.
1775 2768 1782 2775 ·

877 2824 962 2890 45.
1024 2827 1359 2877 Numestrani.
1417 2826 1690 2897 Oppidum
1738 2828 1825 2882 his

806 2904 1098 2958 Numistro.
1114 2903 1422 2967 Frontinus,
1442 2903 1603 2958 Strat.
1627 2906 1720 2958 lib.
1749 2907 1828 2974 11,

807 3002 929 3057 cap.
970 3004 997 3036 ι
1040 3000 1055 3035 :
1098 2980 1413 3035 «Hannibal
1450 2983 1594 3054 apud
1635 2984 1824 3038 Numi-

806 3078 1040 3116 stronem
1063 3071 1247 3113 contra
1280 3060 1591 3115 Marcellum
1624 3058 1827 3135 pu’gna-

808 3153 985 3203 turus,
1035 3152 1133 3193 etc.
1157 3163 1181 3186 ι
1228 3140 1412 3193 Livius
1449 3159 1698 3215 quoque,
1726 3143 1824 3197 lib.

808 3221 1019 3273 XXVII
1038 3257 1053 3283 ,
1083 3236 1201 3290 cap.
1228 3238 1280 3271 a.
1312 3219 1383 3271 H.
1404 3250 1475 3261 —-
1500 3220 1641 3275 Situs
1677 3221 1828 3295 igno·

808 3308 972 3351 ratur.
993 3298 1093 3349 En.

882 3380 971 3440 46.
1021 3379 1222 3429 Thebas.
1277 3377 1411 3442 Qum
1453 3379 1587 3437 Θῆὃῃ
1634 3374 1826 3443 itallae

807 3454 1098 3525 Stephano.
1138 3453 1326 3507 Hann-

879 3539 967 3603 47.
994 3536 1131 3584 Cato.
1169 3533 1235 3585 In
1258 3532 1403 3587 libris
1425 3534 1708 3607 Originum
1739 3538 1826 3592 de-

808 3611 1045 3685 perditis.
1066 3609 1246 3663 Haut).

878 3692 966 3756 48.
1000 3692 1317 3742 pandosiam.
1352 3688 1729 3765 subintellige,
1755 3696 1830 3749 in-

809 3770 1042 3824 teriisse:
1068 3766 1128 3821 id
1150 3768 1291 3820 enim
1298 3769 1467 3835 fuisse
1490 3771 1632 3825 istud
1659 3786 1826 3828 sonat.

808 3852 994 3903 Hum.
1041 3876 1113 3887 --·
1164 3845 1309 3900 MSS.
1361 3866 1544 3903 omnes
1598 3851 1828 3925 librique

809 3928 1011 3999 vulgati
1054 3935 1177 3977 ante
1212 3925 1549 3981 Hermolaum
1567 3970 1581 3995 ,
1622 3936 1826 3985 Mardo-

808 4010 944 4059 m'am
962 4004 1383 4059 constantissime
1408 4008 1672 4062 retinent:
1694 4018 1826 4065 Pan·

811 4089 1005 4137 dou'am
1038 4083 1299 4138 Barbarus
1336 4086 1610 4160 rescripsit
1636 4106 1649 4140 τ
1681 4092 1826 4163 quod

1913 1169 1971 1225 in
2018 1169 2276 1225 Pandosia
2335 1169 2529 1224 obiisse
2584 1167 2950 1226 Alexandrum

1915 1251 2193 1322 scriptores
2237 1269 2422 1303 omnes
2477 1249 2824 1304 consentiant.
2873 1251 2950 1304 Et

1913 1332 2100 1384 Livius
2135 1327 2351 1402 quidem
2378 1367 2394 1392 ,
2425 1330 2521 1401 qui
2543 1347 2680 1382 unus
2705 1348 2819 1383 esse
2845 1349 2947 1401 po·

1915 1421 2016 1465 test
2035 1410 2202 1464 instar
2226 1408 2468 1462 omnium
2493 1425 2509 1461 ε
2535 1434 2557 1456 ι
2573 1408 2948 1462 Alexandrum

1914 1490 2064 1564 Epiri
2073 1509 2253 1562 regem
2270 1529 2287 1556 ,
2299 1493 2396 1552 aie,
2414 1489 2482 1542 ab
2499 1491 2677 1543 exsule
2689 1490 2948 1544 affirmas·

1916 1588 1989 1624 se.
2015 1571 2200 1622 Accito
2235 1569 2302 1621 ab
2319 1569 2620 1622 Tarentinis
2645 1569 2703 1620 in
2730 1569 2946 1622 Italiam

1918 1648 2038 1702 data
2063 1647 2228 1702 dictio
2269 1659 2383 1702 erat
2399 1686 2416 1712 ‚
2456 1660 2666 1703 caveret
2702 1648 2949 1702 Acheru-

1916 1727 2046 1781 siam
2063 1746 2254 1800 aquam
2265 1764 2281 1791 ,
2295 1724 2718 1801 Pandosiamque
2731 1729 2948 1782 urbem:

1916 1807 1992 1860 ibi
2017 1807 2141 1862 fatis
2161 1809 2276 1879 ejus
2294 1806 2583 1859 terminum
2602 1805 2748 1861 dari:
2770 1827 2948 1881 eoque

1919 1903 2086 1958 ocyus
2151 1884 2444 1939 transmisit
2488 1887 2544 1937 in
2590 1885 2792 1938 Italiam
2815 1927 2832 1953 ‚
2881 1899 2948 1940 ut

1917 1982 2082 2036 quam
2126 1963 2356 2016 maxime
2407 1965 2598 2034 procul
2632 1966 2838 2018 abesset
2872 1967 2947 2019 ab

1917 2043 2051 2094 urbe
2085 2041 2348 2096 Pandosia
2381 2046 2438 2094 in
2466 2042 2630 2114 Epiro
2647 2081 2666 2108 ‚
2689 2055 2741 2098 et
2767 2044 2942 2098 Ache-

1917 2134 2072 2174 ronte
2111 2121 2315 2176 amni...
2356 2122 2620 2175 Caterum
2642 2129 2745 2194 (ut
2771 2124 2941 2178 ferme

1917 2198 2172 2271 fugiendo
2199 2201 2259 2253 in
2291 2200 2466 2254 media
2501 2202 2603 2255 fata
2631 2205 2807 2256 ruitur
2831 2207 2942 2272 )....

1917 2279 2060 2333 haud
2081 2279 2268 2352 procul
2303 2279 2565 2334 Pandosia
2601 2284 2736 2337 urbe
2770 2282 2944 2336 immi-

1915 2370 2100 2412 nentes
2137 2359 2366 2412 Lueanis
2413 2377 2476 2413 ac
2517 2359 2713 2415 Brutiis
2743 2361 2945 2416 finibus

1917 2449 2021 2490 tres
2049 2439 2294 2492 ,tumulos
2309 2437 2559 2492 insedit...
2585 2439 2836 2494 Pervenit
2871 2439 2946 2494 ad

1916 2533 2182 2570 amnem...
2200 2535 2359 2590 quem
2395 2536 2562 2591 quum
2585 2518 2790 2574 incerto
2800 2519 2944 2575 vado

1918 2598 2164 2651 transiret
2207 2616 2428 2669 agmen,
2464 2599 2633 2653 fessus
2685 2614 2832 2655 metu
2873 2618 2942 2655 ac

1913 2677 2093 2729 labore
2110 2676 2276 2736 miles,
2301 2676 2582 2749 increpans
2604 2697 2798 2733 nomen
2817 2681 2944 2734 abo-

1914 2756 2228 2810 minandum
2255 2754 2524 2822 fluminis,
2551 2761 2671 2831 jure
2690 2759 2942 2813 Acheron

1912 2836 2119 2889 vocaris
2132 2875 2147 2898 ,
2166 2834 2367 2907 inquit,
2387 2850 2489 2892 etc.
2515 2863 2541 2883 n
2564 2838 2652 2891 Sic
2671 2838 2946 2892 Acheron-

1912 2927 2021 2967 tem
2041 2913 2264 2968 fluvium
2285 2952 2302 2981 ‚
2321 2928 2374 2969 et
2403 2916 2719 2973 pandosiam
2748 2919 2806 2972 in
2829 2920 2940 2973 Lu-

1913 2994 2054 3046 canis
2079 2993 2274 3047 diserte
2300 2994 2530 3067 appellat
2572 2998 2763 3052 Strabo
2811 3017 2945 3071 qno·

1911 3090 2038 3143 que,
2055 3073 2148 3127 lib.
2165 3074 2237 3140 V,
2255 3092 2379 3147 pag.
2404 3074 2522 3129 256.
2546 3076 2755 3144 Suidas,
2773 3078 2940 3131 verbo

1911 3151 2080 3212 Τόνον,
2116 3151 2330 3225 aliique.
2362 3154 2563 3206 Verum
2604 3174 2772 3226 quum
2799 3157 2940 3210 cirea

1910 3230 2255 3295 Pandosiam,
2275 3230 2688 3304 περὶΠανδοσίαν,
2706 3236 2941 3290 interiis-

1915 3328 1971 3365 se
2037 3308 2398 3365 Alexandrum
2450 3313 2645 3367 Strabo
2711 3316 2942 3369 affirmet
2983 3336 2994 3355 ³

1913 3406 2028 3442 non
2058 3389 2114 3443 iu
2140 3392 2253 3463 ipsa
2282 3408 2297 3442 :
2340 3392 2482 3445 circa
2509 3392 2830 3447 Pandosiam
2857 3396 2940 3449 le-

1915 3468 2042 3521 thali
2089 3470 2308 3522 vulnere
2352 3471 2606 3537 affectus,
2648 3472 2944 3527 concedere

1915 3546 2250 3600 Mardoniam
2271 3550 2446 3621 potuit
2465 3589 2481 3613 ‚
2521 3551 2612 3603 ubi
2633 3570 2700 3604 ex
2720 3554 2944 3607 vulnere

1917 3625 2149 3679 obierit:
2179 3639 2233 3680 et
2276 3628 2418 3683 hanc
2459 3630 2648 3683 urbem
2685 3631 2944 3686 interiisse

1916 3702 2111 3758 deinde
2165 3705 2543 3780 Theopompus
2593 3720 2673 3763 est
2727 3723 2946 3779 auctor,

1914 3799 2082 3853 quum
2145 3794 2306 3837 staret
2365 3785 2578 3839 interim
2640 3787 2902 3843 Pandosia
2922 3827 2939 3854 ,

1915 3879 2080 3933 quam
2111 3862 2272 3917 hodie
2307 3868 2478 3917 Castm
2509 3872 2704 3919 Franco
2731 3882 2940 3923 vocant.

1917 3939 2096 3992 Halm.

1989 4026 2076 4087 49.
2121 4026 2430 4076 Alexander.
2465 4024 2616 4097 Epiri
2649 4044 2762 4080 rex.
2792 4028 2940 4083 Obiit

1917 4116 2056 4151 anno
2078 4100 2142 4152 U.
2165 4100 2229 4155 C.
2253 4104 2376 4166 428.
2401 4103 2583 4158 nun.
