3300 5175
780 472 918 556 248

1323 450 1400 542 c'.
1449 471 1801 542 PL1N11·
1832 472 2047 542 NAT.
2090 435 2357 538 nls'r.

772 603 1139 734 Arcadian}
1156 626 1386 674 vam
1401 589 1454 636 ⁵⁴
1475 603 1632 674 mill.
1660 607 1767 675 Ab
1802 604 2034 674 eodem
2068 602 2219 672 loco
2262 601 2350 672 ad
2388 597 2701 670 Phliunta
2734 599 2911 674 dicta

776 695 1112 780 mensura⁵
1117 694 1279 779 ⁵.est
1311 711 1644 782 Universa
1674 725 1933 800 autem,
1966 695 2199 779 velut⁵⁶
2222 721 2541 803 pensante
2566 730 2907 802 aequorum

775 818 1078 887 incursus
1109 831 1381 904 natura,
1418 819 1489 885 in
1531 833 1792 889 montes
1833 842 1909 889 v1
1946 830 2145 910 atque
2188 839 2332 886 Lxx
2370 812 2725 884 extollitur.

880 926 1000 991 XI.
1035 911 1218 1014 (vu.)
1256 923 1360 992 Ab
1382 924 1654 994 Isthmi¹
1700 925 2021 1020 angustiis
2041 920 2300 991 Hellas²
2320 922 2588 1016 incipit,
2623 894 2905 989 nostris³

778 1031 1039 1100 Graecia
1087 1027 1435 1124 appellata.
1477 1032 1560 1099 In
1617 1055 1697 1100 ea
1746 1033 1961 1127 prima
2021 1030 2283 1115 Attica,
2312 1028 2706 1122 antiquitus
2745 1028 2911 1095 Acte

778 1121 1085 1205 vocata⁴.
1125 1137 1426 1266 Attingit
1451 1136 1784 1206 Isthmum
1820 1151 2011 1233 parte
2048 1137 2183 1224 sui,
2218 1159 2364 1229 quae
2382 1131 2752 1228 appellatur
2768 1135 2913 1202 Me·

779 1227 1028 1336 garis⁵,
1054 1266 1093 1311 a
1131 1227 1426 1310 colonia⁶
1456 1245 1763 1338 Megara,
1799 1270 1837 1313 e
1874 1244 2142 1338 regione
2160 1239 2541 1336 Pagarum⁷.
2567 1242 2723 1310 Duo
2765 1238 2911 1308 haec

777 1348 1024 1444 oppida
1050 1362 1439 1418 excurrente
1467 1349 1927 1446 Peloponneso
1955 1351 2077 1419 sita
2094 1361 2280 1432 sunt,
2308 1361 2587 1442 utraque
2614 1370 2694 1414 ex
2724 1359 2911 1440 parte

775 1453 1014 1524 velut
995 1480 1066 1522 ιιι
1101 1454 1392 1525 humeris
1433 1455 1751 1527 Helladis.
1801 1441 2091 1552 Pagaei⁸‚
2134 1467 2201 1524 et
2234 1450 2517 1583 amplius
2554 1451 2909 1548 AEgosthe-

779 1559 1071 1630 nienses⁹
1111 1562 1473 1632 contributi
1506 1563 2051 1658 Megariensibus.
2075 1562 2158 1629 In
2184 1559 2340 1630 ora¹
2350 1559 2619 1629 'autem
2636 1572 2915 1653 ,portus

864 1797 956 1860 54.
981 1798 1233 1852 LXVIII
1243 1800 1363 1854 mill.
1389 1802 1472 1854 Ita
1493 1803 1625 1873 neg.
1658 1819 1714 1866 ι,
1738 1819 1799 1865 a,

783 1875 942 1932 colb.
977 1897 1032 1943 1,
1069 1897 1098 1931 a
1121 1917 1137 1945 ,
1164 1877 1329 1932 Paris.
1365 1880 1547 1933 Chiffl.
1573 1899 1717 1947 non,
1744 1891 1803 1933 ut

785 1953 948 2022 editi,
975 1974 1136 2011 um.
1165 1957 1347 2012 Hsnn.

869 2034 962 2090 55.
991 2037 1145 2088 Dicta
1167 2056 1402 2090 mensum.
1429 2039 1560 2110 Cap.
1586 2042 1641 2092 6.
1666 2039 1737 2092 Η.

870 2112 967 2169 56.
1017 2116 1076 2168 V
1068 2116 1170 2168 elue
1209 2130 1457 2186 pensante.
1513 2113 1805 2172 Terrarum

787 2212 946 2265 quam
983 2195 1110 2249 fecit
1133 2197 1424 2266 jacturam,
1451 2199 1675 2252 lacerata
1714 2215 1829 2250 ora.

790 2285 870 2326 tot
887 2274 1090 2327 sinibus
1103 2313 1120 2338 ,
1141 2275 1484 2348 ingressuque
1505 2295 1777 2349 aequorum
1790 2317 1806 2344 ,

790 2353 1132 2407 multitudine
1151 2355 1414 2410 montium
1433 2369 1809 2428 compensante

789 2443 999 2486 natura.
1024 2432 1206 2489 lium.

872 2512 971 2565 xl.
1011 2529 1060 2565 1.
1093 2512 1179 2564 Ab
1206 2515 1392 2566 Isthmi.
1424 2515 1550 2568 Hac
1581 2512 1809 2568 totidem

794 2592 974 2645 verbis
1009 2590 1253 2659 Solinus,
1285 2614 1405 2665 cap.
1447 2614 1562 2661 vu,
1597 2616 1652 2669 p.
1702 2598 1807 2663 23,

797 2682 852 2724 et
885 2670 1209 2736 Martianus,
1247 2692 1365 2743 cap.
1408 2673 1478 2727 de
1511 2675 1671 2728 tertio
1698 2676 1809 2728 Eu·
1842 2677 1846 2681 ’

797 2768 942 2822 ropse
962 2751 1109 2816 sinu,
1133 2751 1228 2805 lib.
1258 2753 1365 2817 VI,
1390 2773 1511 2825 pag.
1545 2773 1671 2807 210.
1700 2755 1768 2807 H.

881 2851 932 2885 a.
973 2830 1162 2884 Hellas.
1200 2832 1375 2904 Igitur
1415 2834 1811 2905 Peloponnesus

799 2920 948 2966 extra
977 2908 1213 2963 Helladis
1235 2912 1401 2965 fines:
1433 2914 1526 2965 alii
1552 2914 1711 2967 etiam
1744 2934 1809 2967 eo

798 2988 1017 3042 nomine
1059 2991 1489 3061 Peloponnesum
1531 2994 1811 3065 complexi.

802 3068 1034 3122 Helladis
1058 3088 1255 3124 nomen
1278 3090 1470 3143 vagum
1486 3112 1502 3137 ‚
1535 3086 1705 3127 certas
1730 3092 1812 3127 se-

803 3145 898 3201 des
930 3160 984 3202 et
1019 3148 1149 3203 fixas
1177 3152 1353 3205 nullas
1381 3153 1570 3206 habuit
1599 3171 1613 3206 :
1647 3154 1813 3208 modo

805 3229 1042 3299 angustis
1107 3230 1368 3286 limitibus
1439 3246 1767 3287 coarctatum
1796 3273 1815 3301 ,

806 3306 969 3360 modo
991 3306 1266 3363 dilatatum
1286 3311 1516 3383 longius.
1548 3312 1733 3367 Hann.

889 3386 1303 3445 3.Nostn·s.vet.
1399 3430 1412 3444 .
1436 3392 1600 3445 Dalm
1622 3396 1813 3457 nostris,

889 3472 946 3530 4.
979 3468 1107 3519 Acte
1128 3410 1489 3528 montaniae&
1515 3483 1569 3525 et
1593 3463 1783 3531 Lam->2
1799 3510 1816 3538 ‚

806 3557 938 3599 teste
959 3546 1238 3601 Eustathio
1263 3549 1320 3601 in
1345 3550 1566 3621 Dionys.
1591 3570 1641 3603 v.
1678 3558 1709 3615 4
1724 3552 1814 3618 13,

800 3643 926 3698 pag.
955 3628 1044 3677 60.
1073 3624 1140 3679 Id
1159 3645 1354 3681 nomen
1375 3630 1424 3682 ei
1445 3630 1621 3696 haesit,
1637 3630 1815 3700 inquit

800 3704 1217 3777 Harpocration,
1251 3707 1397 3778 quod
1425 3709 1652 3762 maxima
1692 3728 1813 3781 pars

798 3784 984 3839 Attica
1008 3785 1256 3840 littoralis
1278 3787 1381 3841 sit·
1411 3798 1489 3839 est
1514 3788 1657 3841 enim
1682 3790 1809 3848 ἀκτὴ

791 3862 970 3929 littus,
996 3877 1051 3918 et
1070 3865 1334 3919 maritima
1364 3867 1526 3938 regio.
1547 3867 1805 3939 Harpocr.

791 3946 991 4007 verbo,
1039 3937 1198 4003 Ami.
1244 3944 1386 4000 Vide
1440 3959 1495 4001 ct
1537 3947 1807 4015 Gellium,

786 4020 880 4077 lib.
911 4024 1077 4091 XIV,
1107 4043 1222 4097 cap.
1257 4028 1324 4088 6,
1361 4044 1482 4099 pag.
1516 4044 1648 4098 777.
1686 4029 1805 4082 Ste

783 4100 995 4171 phanus
1027 4116 1203 4159 autem
1235 4107 1302 4160 ab
1333 4098 1534 4177 Ᾰιιταίῳ
1567 4105 1801 4181 quodam

1889 1817 2007 1852 eam
2046 1796 2461 1868 appellationem
2496 1793 2786 1850 derivatam
2816 1813 2917 1848 nu·

1890 1893 2059 1951 gutur.
2079 1877 2263 1930 liano.

1975 1959 2027 2011 5.
2057 1957 2295 2026 Megaris.
2334 1954 2555 2026 Μεγαρὶς
2580 1959 2670 2016 τῆς
2696 1946 2911 2015 Art-usic

1892 2039 2068 2108 μέρος,
2100 2035 2326 2100 Strabo,
2348 2035 2445 2088 lib.
2470 2036 2577 2100 lx,
2601 2054 2657 2106 p.
2684 2035 2819 2104 392.
2842 2033 2913 2088 H.

1974 2125 2026 2171 6.
2059 2117 2265 2170 Colonia
2297 2115 2524 2184 Megara.
2562 2115 2719 2168 Nunc
2752 2114 2914 2168 etiam

1893 2197 2091 2250 retinet
2116 2213 2313 2248 nomen
2330 2233 2346 2260 ,
2377 2193 2605 2265 Megara.
2630 2195 2813 2248 ΗΑιιι).

1976 2294 2031 2346 7.
2054 2276 2323 2345 Pagarum.
2346 2275 2489 2338 Quas
2520 2274 2575 2328 in
2601 2272 2791 2326 intimo
2826 2293 2913 2328 re·

1895 2373 2041 2410 cessu
2103 2356 2248 2408 sinus
2308 2353 2675 2419 Corinthiaci,
2743 2371 2915 2424 prope

1894 2435 2155 2488 Isthmum
2190 2432 2387 2505 positas
2420 2430 2682 2495 vidimus,
2706 2450 2825 2502 cap.
2858 2441 2909 2496 4.

1893 2514 2068 2583 Παγαὶ
2096 2512 2381 2583 Μιγαριιιοιὶ
2418 2512 2665 2566 Straboni
2692 2511 2751 2564 in
2782 2513 2915 2581 Epi-

1894 2608 2041 2648 tome
2063 2593 2299 2647 lih.vll.
2322 2592 2499 2645 Iisnn.
2514 2594 2807 2645 —Earum
2834 2593 2915 2649 lo·

1896 2693 2020 2727 cum
2046 2686 2227 2727 tenere
2245 2674 2399 2725 Psato
2417 2673 2670 2743 opinatur
2687 2674 2883 2726 Knusn
2896 2713 2915 2739 ‚

1896 2754 2193 2825 Alepochon'
2212 2753 2403 2809 Luu.
2433 2752 2541 2807 En.

1980 2835 2031 2886 8.
2062 2835 2240 2902 Pagoea·
2254 2871 2269 2894 ,
2301 2844 2349 2883 et
2372 2833 2591 2901 amplius.
2616 2833 2741 2885 Vet.
2765 2832 2914 2903 apud

1898 2914 2076 2966 Dalec.
2109 2912 2287 2982 Pagai
2311 2911 2459 2966 CLII
2482 2912 2707 2983 passibus
2732 2925 2781 2965 et
2811 2932 2917 2965 am-

1891 2994 2038 3063 plius.
2062 2992 2166 3046 En.

1980 3092 2035 3142 9.
2076 3072 2523 3141 AEgosthem'ensos.
2566 3072 2864 3142 Stephanus
2894 3090 2913 3125 ε

1899 3153 2191 3222 Αἰγόσθενα,
2204 3152 2339 3213 πόλις
2362 3147 2649 3222 Μιγαρίθος
2668 3174 2680 3187 ·
2708 3154 2767 3206 τὸ
2798 3155 2921 3206 ἐθνι-

1900 3232 2016 3296 κὸν,
2066 3231 2411 3301 Αἰγοσθινιὺς,
2448 3243 2547 3285 etc.
2596 3230 2797 3302 Pagai,
2830 3233 2915 3285 in·

1900 3312 2019 3383 quit
2037 3311 2243 3367 Plinius
2256 3349 2271 3377 ,
2294 3322 2346 3364 et
2365 3324 2621 3380 proterea
2640 3312 2919 3383 AEgosthe-

1900 3391 2106 3445 nienses
2144 3389 2311 3443 additi
2337 3390 2758 3461 Megarensibus.
2794 3391 2917 3445 Me-

1899 3469 2135 3542 garidem
2154 3470 2431 3540 regionem
2452 3470 2803 3527 constituunt.
2828 3472 2917 3523 Ita

1899 3550 2123 3604 Pausan.
2154 3550 2315 3603 Attio.
2342 3549 2436 3604 lih.
2473 3552 2532 3616 1,
2560 3568 2685 3622 pag.
2716 3553 2813 3606 82.
2837 3550 2915 3607 Η.

1899 3660 1981 3671 --
2013 3630 2336 3700 AEgosehenoe
2366 3630 2554 3683 locum
2587 3642 2735 3685 tenet
2768 3648 2919 3684 nnnc

1897 3710 2053 3765 Porto
2082 3709 2341 3765 Germano.
2370 3709 2474 3763 En.

1982 3808 2067 3844 10.
2094 3790 2158 3842 In
2176 3808 2263 3841 ora
2296 3800 2472 3842 autem.
2502 3788 2745 3843 Saronici
2768 3788 2921 3842 sinu·

1892 3868 2073 3924 littore
2096 3908 2113 3935 ,
2164 3884 2336 3939 prope
2370 3869 2634 3923 Isthmum
2653 3907 2670 3933 ,
2722 3868 2923 3924 Corin-

1843 4003 1855 4011 ,
1894 3948 2045 4006 thum
2064 3986 2082 4015 ,
2106 3960 2159 4001 et
2184 3948 2501 4003 Cenchreas.
2526 3953 2751 4017 Σχοινοῦς
2766 3950 2920 4019 λιμὴν

1893 4026 2173 4094 Straboni,
2194 4027 2292 4081 lib.
2320 4029 2497 4095 vm,
2522 4046 2644 4100 pag.
2674 4027 2808 4096 369.
2839 4028 2921 4081 H.

1892 4106 2227 4163 -Schoenus
2242 4106 2404 4165 hodie
2424 4110 2579 4165 Porto
2603 4106 2791 4163 coemi.
2804 4106 2923 4161 En.
