3300 5175
1152 540 1468 608 LIBER
1521 540 1659 607 IV.

571 656 994 767 Hesperidis⁴
1031 668 1198 757 filia,
1227 671 1775 741 Anaximander:
1828 695 1868 740 a
1912 696 2069 767 rege
2110 673 2434 743 Curetum
2462 724 2484 759 ‚

1187 780 1423 848 Crates
1467 779 1759 907 primum
1817 764 2119 847 Aeriam⁵
2179 779 2483 848 dictam:

329 660 702 851 glizilistides
748 775 1134 848 Mallotes:

2326 534 2467 608 301

332 886 570 957 deinde
599 900 829 983 postea
867 885 1180 969 Curetin‚
1222 898 1290 955 et
1324 869 1688 955 Macaron⁶
1730 882 2037 955 nonnulli
2083 909 2123 953 a
2164 885 2487 1004 temperie

333 992 472 1064 caeli
499 991 938 1089 appellatam⁷
977 991 1461 1061 existimavere.
1511 990 1895 1060 Latitudine
1936 1016 2261 1086 nusquam
2298 992 2489 1087 quin·
2531 1033 2560 1067 2

332 1102 647 1196 quaginta
701 1096 903 1169 millia
951 1122 1267 1194 passuum
1324 1095 1686 1184 excedenS‚
1723 1112 1791 1166 et
1829 1098 2009 1169 circa
2050 1096 2341 1168 mediam
2378 1099 2481 1169 sui

331 1221 592 1301 partem
643 1207 928 1274 maxime
981 1218 1266 1300 patenS,
1325 1190 1857 1299 longitudinem⁸
1920 1202 2157 1300 implet
2220 1227 2441 1275 cetu

329 1441 442 1512 jani
489 1440 820 1511 temporibus
864 1438 1025 1491 urbes
1073 1438 1364 1510 nonaginta

333 1519 607 1573 dumtaxat
632 1521 709 1573 ibi
735 1519 895 1573 fuisse
917 1516 1097 1589 prodit
1119 1518 1360 1590 Ulysses,

335 1598 526 1671 Odyss.
571 1600 738 1661 XIX,
795 1605 923 1669 174.
966 1602 1038 1652 At
1093 1611 1244 1651 oetate
1271 1618 1366 1653 sua

335 1694 550 1733 centum
567 1680 726 1732 fuisse
737 1677 898 1731 refert
907 1679 1191 1745 Homerus,
1207 1678 1363 1733 Iliad.

333 1761 414 1820 11,
448 1764 583 1828 649.
601 1760 760 1813 Nunc
778 1776 907 1812 vero
927 1777 1048 1830 qun
1065 1758 1172 1811 sint
1197 1758 1364 1811 alieu-

329 1841 418 1911 jus
444 1838 711 1906 nominis,
744 1838 833 1891 vix
877 1851 1106 1910 quatuor
1141 1838 1364 1891 omnino

333 1930 538 1972 exstant
563 1936 578 1972 :
627 1918 802 1971 Castro
849 1917 1194 1989 metropolis,
1244 1936 1366 1989 quae

333 1998 483 2052 Italis
501 1998 693 2052 Caudio
715 1997 936 2065 dieitur,
947 1998 1135 2063 Cane«,
1152 1998 1364 2063 Betimo,

335 2077 503 2140 Sena,-
531 2077 588 2131 in
614 2078 1035 2149 septemtrionali
1059 2096 1154 2131 ora
1179 2096 1366 2131 omnes

333 2158 518 2229 positae
538 2194 553 2216 ,
605 2174 840 2229 namque
893 2157 1048 2211 bonis
1099 2156 1366 2228 portubus

334 2248 478 2291 earet
519 2238 743 2291 australe
779 2238 946 2291 littus.
980 2238 1164 2291 Ham).

419 2317 472 2370 3.
506 2318 747 2369 Dosae'ades
769 2336 874 2369 eam
903 2336 938 2369 a
963 2316 1105 2370 Crete
1122 2316 1330 2386 nympha
1343 2336 1365 2369 .·

335 2394 735 2465 Hespen'da‘sfiliaer
749 2438 766 2461 ,
784 2396 1186 2451 Anaximander.-
1203 2416 1236 2449 α
1253 2416 1365 2466 rege

339 2476 567 2529 Curetum
581 2512 600 2541 ,
628 2475 910 2528 Philistidas
940 2476 1170 2529 Mallotes
1199 2494 1219 2528 .·
1243 2476 1364 2529 Cm-

337 2567 406 2607 tes
432 2559 643 2626 primum
678 2556 882 2610 Aeriam
918 2554 1100 2610 dictam
1137 2576 1156 2610 .·
1193 2556 1364 2610 demde

327 2647 498 2706 postea
529 2636 759 2700 Curetin‚
787 2649 892 2690 etc.
913 2637 1224 2690 Pei-turbata
1250 2636 1365 2690 haec

335 2716 767 2786 interpunctione
795 2728 1118 2790 praepostera
1164 2717 1238 2770 ita
1281 2735 1362 2770 sa-

333 2796 594 2848 navimus.
620 2795 770 2849 Nihil
791 2801 943 2862 iuvat
968 2797 1210 2862 Solinus,
1239 2814 1359 2868 cap.

335 2893 393 2928 xx
407 2913 425 2941 ,
449 2893 570 2947 pag.
599 2893 670 2944 ²9
690 2915 706 2941 ,
728 2877 823 2947 qui
843 2877 1064 2930 miscere
1089 2877 1272 2930 omnia
1289 2878 1364 2931 vi·
1395 2865 1404 2878 ⁰

334 2952 494 3009 detur
515 2973 530 3006 z
553 2953 690 3008 nihil
706 2955 1001 3008 Martianus
1015 2993 1034 3019 ‚
1060 2956 1158 3010 lib.
1176 2956 1280 3018 vl,
1307 2975 1358 3010 o.

335 3032 406 3087 de
425 3034 680 3099 Thracia,
702 3054 760 3106 p.
793 3054 820 3088 a
835 3053 858 3088 ι
873 3053 900 3088 a
918 3072 936 3100 ,
965 3036 1060 3106 qui
1085 3049 1364 3089 auctorum

333 3115 555 3169 nomina
603 3115 981 3186 praetermisit:
1021 3141 1044 3162 ι
1067 3115 1256 3181 Creta,
1278 3115 1362 3168 in·

335 3194 481 3265 quit,
507 3193 594 3248 cui
617 3211 816 3248 nomen
857 3213 1013 3248 suum
1056 3193 1363 3266 Hesperidis

333 3275 712 3346 Nympharum
724 3275 950 3346 pulchra
961 3275 1219 3329 concessit
1232 3312 1250 3340 ,
1270 3286 1364 3328 aut

335 3354 598 3407 Curetum
629 3372 725 3406 rex
756 3354 966 3421 Cretes,
1005 3373 1034 3408 a
1066 3373 1176 3427 quo
1203 3355 1365 3408 Creta

333 3434 514 3503 primo
528 3471 544 3498 ,
567 3451 694 3487 mox
721 3435 928 3488 Curetis
951 3435 1250 3506 appellata:
1272 3432 1364 3487 de-

335 3511 462 3566 inde
489 3525 712 3585 propter
753 3513 868 3567 cali
909 3513 1218 3585 temperiem
1243 3513 1362 3568 Ma-

333 3611 652 3646 earonnesos
667 3593 946 3665 appellata.
972 3620 995 3641 n
1026 3596 1240 3648 Cretam
1259 3594 1364 3650 He·

333 3672 578 3746 spei-idos
619 3672 786 3726 filiam
825 3673 1028 3744 pariter
1071 3686 1228 3727 vocat
1267 3675 1364 3727 So·

333 3751 503 3805 linus:
522 3752 913 3823 Apollodorus,
924 3754 1018 3809 lib.
1040 3754 1124 3806 111
1142 3751 1212 3806 de
1229 3752 1364 3818 Diis,

334 3831 630 3903 pag-163,
672 3823 1080 3904 herapiomnisi
1108 3831 1364 3886 mendum

337 3913 408 3964 sit
445 3931 548 3985 pro
579 3903 820 3984 ἑοπίρου.
872 3911 1066 3967 Creten
1109 3913 1365 3967 Curetum

337 3993 720 4062 regem,Jov1s
741 4004 797 4046 et
822 3991 976 4046 Idale
1008 3992 1276 4066 Nympha
1299 3991 1365 4044 fi-

337 4069 474 4123 lium
498 4073 798 4144 Stephanus
823 4083 1015 4126 auctor
1049 4085 1130 4126 est
1155 4071 1362 4126 fuisse·
1347 4111 1361 4124 .

341 4150 585 4207 meminit
627 4156 742 4223 ejus
784 4166 837 4207 et
873 4154 1138 4225 Scymnus
1164 4151 1366 4217 Chius,

1448 1458 1572 1512 pag.
1605 1440 1701 1494 23.
1724 1436 1883 1494 Unde
1919 1439 1977 1495 in
2002 1439 2360 1512 suspicionem
2388 1460 2483 1493 ve·

1448 1520 1544 1572 nio
1557 1537 1656 1573 nee
1672 1519 2023 1590 posteriorem
2036 1518 2195 1590 hujus
2210 1521 2482 1574 sententio

1449 1612 1657 1670 partem
1694 1620 1725 1653 a
1763 1599 1893 1653 vitio
1928 1600 2140 1672 penitus
2184 1600 2481 1655 immunem

1450 1697 1588 1733 esse:
1611 1698 1735 1732 nam
1761 1698 1821 1732 ea
1850 1697 1952 1732 vox
1994 1679 2173 1733 dictam
2208 1681 2369 1751 plane
2392 1699 2481 1734 su·

1449 1776 1775 1830 pervacanea
1802 1771 1878 1812 est
1900 1777 1913 1813 :
1933 1777 2033 1813 neo
2054 1758 2189 1813 illud
2212 1760 2382 1813 deimle
2391 1780 2483 1833 po-

1449 1851 1552 1891 stea
1601 1839 1898 1891 Plinianam
1949 1839 2264 1909 elegantiam
2318 1840 2475 1911 sapit-

1451 1917 1602 1984 Quid
1631 1919 1676 1971 si
1706 1918 1847 1989 legas
1884 1918 2088 1989 igitur:
2119 1946 2142 1969 ι
2163 1920 2346 1974 Crates
2366 1921 2479 1991 pri-

1450 2017 1604 2052 mum
1650 1998 1863 2051 Aeriam
1890 2037 1907 2063 ,
1954 1997 2151 2052 Idaeam
2190 1998 2384 2053 deinde
2404 2039 2420 2066 ,
2448 2026 2471 2047 ι

1447 2096 1648 2151 nempe
1690 2077 1760 2130 ab
1798 2076 1943 2131 Idaea
1985 2078 2268 2150 Nympha,
2308 2091 2479 2149 postea

1452 2157 1679 2219 Curetin‚
1710 2169 1811 2210 etc.
1851 2156 2001 2211 Adeo
2026 2178 2138 2213 non
2162 2159 2277 2212 haee
2296 2170 2481 2213 nostra

1447 2238 1606 2291 nobis
1653 2240 1963 2307 conjectura
2010 2236 2254 2309 displicet
2276 2278 2293 2301 ,
2342 2250 2403 2291 ut
2432 2239 2477 2291 si

1447 2317 1716 2371 librorum
1750 2317 1891 2369 ullus
1918 2317 2149 2375 faveret.
2192 2318 2250 2371 in
2274 2330 2479 2371 textum

1447 2396 1681 2451 inserere
1706 2395 1853 2449 nulla
1879 2395 2067 2468 religio
2108 2397 2261 2451 foret.
2290 2397 2477 2451 uino.

1447 2508 1529 2521 —
1555 2477 1738 2531 Dalec.
1773 2501 1796 2524 ι
1816 2474 2073 2529 Dosiades
2116 2495 2235 2529 eam
2262 2495 2295 2529 a
2321 2477 2480 2531 Creta

1447 2557 1691 2628 nympha
1734 2552 2043 2628 Hesperidis
2088 2556 2235 2623 filiag
2279 2556 2477 2612 Anaxi·

1445 2637 1675 2691 mandet
1685 2656 1716 2690 a
1728 2654 1852 2708 rege
1868 2636 2121 2690 Curetum
2134 2637 2480 2705 ;Philistides,

1445 2717 1693 2770 Mallotes
1737 2717 1922 2770 Crates
1972 2717 2211 2789 primum
2260 2718 2477 2772 Aeriam

1445 2796 1675 2858 dietam,
1706 2794 1905 2850 deinde
1930 2809 2141 2866 postea,
2172 2809 2275 2850 etc.
2302 2823 2325 2844 n
2372 2797 2477 2849 En.

1530 2883 1586 2940 4.
1606 2877 1902 2947 Hesperides.
1923 2877 2156 2931 Volebat
2171 2878 2475 2950 Daleeamp.

1445 2956 1673 3027 Hesperi.
1710 2954 1813 3006 En.

1530 3038 1584 3090 5.
1611 3037 1831 3089 Aeriam.
1851 3027 2002 3108 Ᾰερία
2030 3035 2302 3106 Stephano
2321 3055 2336 3088 τ
2356 3035 2483 3089 Gel·
2576 3109 2587 3112 -

1444 3115 1520 3168 lio
1545 3133 1789 3188 quoque,
1822 3116 1921 3168 lib·
1944 3116 2097 3183 XIV,
2116 3133 2235 3187 cap·
2262 3119 2296 3170 6
2312 3155 2329 3183 ,
2353 3133 2475 3188 pag·

1447 3213 1580 3266 777.
1621 3193 1805 3247 Hann-

1529 3278 1582 3328 6.
1613 3274 1870 3328 Macaron·
1898 3271 2016 3326 Hoc
2034 3287 2142 3335 est,
2166 3281 2264 3329 τῶν
2289 3276 2479 3328 Maxi·

1446 3375 1538 3422 ρων
1553 3388 1572 3416 ,
1597 3353 1933 3424 subintellige
1957 3354 2202 3409 insulam.
2230 3355 2445 3409 Solinus
2460 3393 2479 3421 ,

1446 3446 1502 3488 et
1521 3435 1818 3490 Martianus
1833 3469 1850 3496 ‚
1877 3436 2131 3506 Μακάρων
2152 3440 2326 3500 νῆσον,
2350 3438 2479 3488 insu·

1449 3514 1546 3566 lam
1568 3515 1829 3567 beatorum.
1859 3514 2038 3568 Hsan.

1530 3612 1588 3664 7.
1619 3593 1933 3665 Appellamus
1980 3598 2320 3648 existumant-e.
2348 3593 2477 3648 Vet.

1449 3673 1596 3746 apud
1614 3674 1797 3728 Dalee.
1815 3673 2126 3744 appellavere.
2148 3673 2285 3727 En.-

1534 3755 1586 3808 8.
1611 3753 1997 3824 Longitudinem
2022 3755 2109 3808 sic
2127 3752 2270 3824 apud
2294 3751 2479 3807 chiffl.

1449 3831 1630 3888 Dalec.
1674 3833 1972 3905 longitudine
2020 3833 2184 3905 implet
2225 3832 2487 3888 CCLXX

1451 3913 1606 3966 millia
1620 3933 1866 3984 passuum.
1892 3913 1998 3966 En.

1533 4011 1590 4061 9.
1627 3993 1891 4047 CCLXX
1902 3993 2023 4046 mill.
2040 3992 2123 4044 Ex
2147 3989 2483 4062 Apollodoro

1459 4071 1891 4127 CCLXXXVII
1906 4111 1921 4135 ,
1950 4085 1999 4124 ee
2023 4083 2217 4126 oetam
2254 4083 2483 4144 quatuor.
2582 4064 2587 4068 ’

1458 4153 1669 4206 Daue.
