3300 5175
877 461 974 533 38

1400 466 1474 531 C.
1533 460 1882 532 PLINII
1938 462 2161 529 NAT.
2222 462 2487 528 HIST.

875 596 1106 665 dentes
1133 595 1355 664 radice
1383 599 1712 690 Pyrenaei,
1730 595 2047 664 Ausetani
2062 584 2135 676 ⁴²,
2168 592 2487 662 Lacetani
2503 577 2555 621 ⁴³
2578 617 2591 657 :
2616 616 2869 685 perque
2892 594 3020 686 Py-

876 726 1165 791 renaeum
1205 690 1640 786 Cerretani⁴⁴,
1669 702 1825 771 dein
1850 704 2216 771 Vascones.
2258 703 2341 769 In
2368 723 2490 769 ora
2506 713 2729 767 autem
2760 697 3025 767 colonia

879 810 1164 879 Barcino
1178 796 1201 839 ⁴

977 1022 1010 1079 4
1019 1034 1046 1066 2
1057 1054 1071 1068 .
1086 1016 1340 1069 Ausetani.
1359 1016 1628 1069 Hactenus
1640 1057 1657 1079 ,
1669 1018 1722 1069 A
1724 1018 1918 1080 mitani,

883 1097 1018 1149 Itani
1033 1132 1048 1159 ,
1067 1096 1318 1147 Lacetani.
1345 1096 1663 1159 F.Ursinus,
1690 1096 1914 1148 Jacceeoe-

883 1179 936 1227 m'
961 1175 1090 1245 legit
1129 1193 1194 1227 ex
1229 1174 1487 1229 Strabone
1517 1189 1571 1230 et
1607 1170 1911 1229 Ptolemaeo.

885 1254 1001 1307 Nos
1031 1254 1167 1306 Itam'
1195 1257 1574 1326 expunximus,
1619 1254 1689 1309 de
1720 1255 1915 1328 quibus

888 1336 948 1387 in
970 1333 1076 1387 hoc
1117 1344 1290 1387 tractu
1325 1335 1460 1389 nihil
1499 1354 1727 1407 usquam
1770 1352 1917 1389 com·

886 1424 1121 1485 pertum‚
1133 1432 1198 1467 ex
1209 1433 1318 1485 quo
1331 1416 1517 1469 mutila
1529 1415 1773 1487 quedam
1786 1432 1919 1487 prn-

888 1491 1127 1547 oedentis
1165 1494 1310 1547 vocis
1347 1496 1596 1565 repetitio
1629 1495 1793 1567 possit
1821 1495 1918 1547 ha·

899 1574 1176 1627 heri.Nam
1202 1592 1371 1646 quum
1393 1576 1511 1641 hos,
1533 1594 1673 1647 quos
1682 1587 1921 1628 recenset

897 1652 1104 1705 Plinius
1119 1692 1136 1718 ,
1189 1652 1530 1707 redditurum
1567 1674 1620 1708 se
1639 1656 1921 1727 promittat

893 1731 1114 1786 inferius
1129 1773 1145 1798 ,
1171 1734 1422 1787 Ausetani
1445 1734 1683 1806 quidem,
1703 1734 1916 1805 aliique,

892 1812 1001 1866 suis
1024 1812 1156 1866 locis
1180 1827 1462 1885 apparent,
1473 1816 1612 1868 Itani
1639 1832 1919 1886 nusquam,

892 1893 964 1946 At
985 1912 1054 1945 ne
1075 1893 1292 1946 Lacetas
1313 1912 1438 1947 cum
1468 1895 1697 1960 Ursino,
1716 1894 1921 1947 Pelice-

892 1974 1083 2043 rioque
1109 1974 1166 2025 in
1187 1972 1330 2025 notis
1351 1972 1508 2027 MSS.
1529 1988 1730 2027 mutem
1748 2014 1764 2040 ‚
1778 1986 1923 2027 vetat

895 2052 1096 2116 Livius,
1106 2054 1197 2125 qui
1221 2054 1508 2107 Lacetanos
1540 2074 1677 2126 soepe
1702 2051 1883 2108 laudat
1900 2092 1917 2118 ,

893 2132 1258 2197 lib.xxvm,
1280 2152 1398 2205 cap.
1423 2141 1490 2199 24
1505 2136 1632 2199 ,lib.
1651 2134 1910 2194 XXXIV,

895 2230 1011 2283 cup.
1038 2232 1135 2278 so,
1155 2214 1432 2285 multoque
1445 2214 1737 2287 expressius
1760 2214 1921 2266 situm

897 2310 1084 2344 eorum
1119 2291 1341 2355 indicat,
1380 2295 1663 2361 lib.XXI,
1684 2312 1803 2365 cap.
1824 2296 1921 2345 60:

896 2371 1028 2425 «Cn.
1061 2370 1238 2443 Scipio
1253 2410 1269 2437 ,
1297 2373 1476 2446 inquit
1495 2412 1512 2439 ,
1535 2375 1592 2427 in
1610 2373 1926 2445 Hispaniam

893 2468 1020 2503 cum
1035 2452 1196 2505 classe
1215 2464 1270 2505 et
1293 2455 1528 2508 exercitu
1547 2455 1927 2525 missus‚quum

897 2530 967 2582 ab
992 2530 1128 2583 ostio
1157 2530 1404 2585 Rhodani
1441 2535 1715 2607 profectus
1729 2574 1745 2600 ,
1768 2534 1926 2606 Pyre-

898 2629 1148 2682 naeosque
1169 2625 1374 2666 montes
1385 2615 1787 2678 circumvectus,
1798 2615 1927 2667 Em-

899 2690 1070 2761 poriis
1095 2692 1384 2762 appulisset
1411 2695 1656 2761 classem,
1687 2697 1925 2766 exposito

883 2770 978 2823 'ibi
1005 2772 1238 2825 exercitu
1253 2810 1270 2837 ,
1295 2791 1444 2827 orsus
1463 2795 1494 2828 a
1516 2775 1793 2828 Lacetanis
1809 2794 1924 2827 om·

903 2869 1026 2903 nem
1045 2869 1196 2904 oram
1209 2853 1456 2924 usquead
1475 2855 1925 2925 Iberum,partim

903 2929 1224 2984 renovandis
1239 2932 1596 2999 societatibus,
1613 2934 1811 3005 partim
1832 2953 1927 2986 no-

905 3009 984 3062 vis
1027 3011 1364 3066 instituendis
1377 3053 1394 3080 ,
1432 3032 1665 3067 romanae
1706 3012 1926 3067 ditionis

903 3088 1046 3142 fecit.
1075 3117 1098 3138 n
1126 3103 1180 3144 et
1215 3110 1334 3164 cap.
1375 3096 1444 3148 61
1473 3114 1486 3146 :
1527 3095 1841 3164 «Ilergetes,
1868 3095 1926 3146 in

901 3171 988 3240 jus
1027 3168 1396 3245 ditionemque
1433 3174 1657 3247 recepit.
1690 3173 1825 3228 Inde
1868 3174 1927 3227 in

904 3250 1198 3304 Ausetanos
1216 3270 1388 3324 prope
1403 3255 1640 3319 Iberum,
1653 3253 1924 3326 procedit:

907 3341 1062 3400 atque
1081 3368 1097 3393 ,
1119 3330 1254 3384 urbe
1284 3351 1470 3386 eorum
1500 3335 1735 3392 obsessa,
1760 3335 1925 3390 Lace·

905 3422 1056 3462 tanos
1105 3410 1360 3464 auxilium
1415 3413 1657 3467 finitimis
1704 3415 1931 3467 ferentes

905 3501 1078 3548 nocte,
1097 3489 1243 3543 haud
1261 3494 1452 3562 procul
1465 3495 1575 3564 jam
1593 3494 1743 3558 urbe,
1760 3513 1928 3566 quum

911 3569 1110 3623 inu-are
1149 3570 1376 3636 vellent,
1403 3573 1615 3644 excepit
1653 3571 1879 3628 insidiis.
1898 3597 1923 3620 ι

908 3652 1230 3705 Λακπτανὶαν
1251 3651 1356 3704 Dio
1373 3691 1388 3717 ,
1405 3653 1498 3707 lib.
1515 3654 1688 3718 XLV,
1708 3673 1766 3725 p.
1797 3661 1929 3724 ²7⁴·

905 3729 974 3782 Et
985 3737 1308 3784 Δακεντανῶν
1321 3733 1394 3784 eeu
1401 3753 1448 3794 ος
1461 3733 1773 3787 Plutarchus
1780 3753 1935 3806 agno-

905 3810 1033 3877 scit,
1061 3823 1178 3864 tum
1199 3811 1352 3879 alibi,
1377 3825 1493 3866 tum
1516 3814 1572 3865 in
1593 3815 1797 3867 Catone
1827 3833 1936 3868 ma-

901 3890 1038 3959 jore,
1065 3911 1184 3964 pag.
1220 3893 1354 3955 342.
1383 3893 1669 3947 Lacetanos
1702 3892 1935 3965 denique

906 3967 1214 4026 Cam-Beli.
1229 3972 1515 4038 Civ.lib.1‚
1533 3991 1650 4044 pag.
1673 3992 1694 4026 1
1709 3975 1933 4040 43,cum

907 4051 1180 4105 Ausetanis
1187 4054 1731 4108 etTarraconensibus
1741 4055 1931 4125 jungit.

909 4128 1058 4185 Adeo
1078 4133 1322 4202 placuere
1335 4135 1368 4188 J
1371 4135 1606 4188 accetani
1616 4134 1855 4206 Cujacio,
1876 4149 1935 4188 ut

1207 795 1255 895 ⁵,
1297 812 1695 904 cognomine
1726 810 2061 877 Faventia.
2083 806 2351 903 Oppida
2394 806 2646 875 civium
2688 808 3023 875 Romano-

2002 1034 2111 1067 non
2130 1012 2295 1067 modo
2308 1014 2415 1067 hoc
2436 1011 2791 1080 loco,sedubi
2802 1012 3025 1064 minime

2002 1094 2245 1146 omnium
2270 1094 2531 1165 oportuit,
2554 1093 2857 1145 obtruserit.
2886 1092 3027 1144 Nam

2005 1173 2125 1244 Dig.
2152 1174 2242 1227 lib.
2262 1175 2326 1237 L,
2348 1175 2427 1227 tit.
2451 1192 2473 1226 ι
2486 1174 2541 1239 5,
2558 1172 2628 1225 de
2644 1172 2908 1236 censibus,
2926 1172 3026 1224 ubi

2004 1254 2288 1323 Ulpianus,
2320 1281 2343 1302 c
2349 1255 2435 1325 jus
2463 1254 2709 1307 Italicum
2728 1252 3023 1305 Valentinii

2006 1345 2058 1385 et
2074 1334 2305 1388 Licitani
2328 1335 2525 1387 habent
2550 1360 2573 1380 ι
2598 1354 2611 1383 :
2642 1332 2754 1403 ipse
2773 1332 3031 1384 Jaccetam'

2002 1413 2109 1483 legi
2127 1425 2302 1465 censet
2321 1427 2587 1485 oportere,
2622 1412 2845 1465 Observ.
2858 1411 3035 1480 libx,

2006 1512 2119 1564 cup.
2142 1492 2236 1546 35.
2260 1494 2351 1546 alii
2377 1495 2612 1545 Lacetani
2626 1511 2640 1545 ε
2668 1492 2845 1544 neutri
2856 1504 3025 1544 recte.

2005 1578 2113 1625 Nos
2140 1573 2455 1627 Illicitam'ah
2478 1573 2630 1630 Illici,
2650 1570 2721 1625 de
2735 1590 2843 1643 quo
2861 1572 3031 1641 paulo

2008 1654 2432 1707 anteValentiam
2454 1654 2682 1724 egimus,
2702 1650 2850 1723 quod
2876 1652 3034 1723 oppi-

2007 1730 2138 1785 dum
2150 1732 2463 1786 Latinoru'm
2478 1752 2569 1786 seu
2580 1733 2716 1804 juris
2724 1732 2901 1785 Latini
2920 1750 3034 1784 esse

2008 1812 2211 1865 Plinius
2232 1826 2432 1878 monet,
2482 1811 2834 1867 restituimus.
2860 1814 3034 1865 Ause-

2006 1905 2257 1945 tanorum
2300 1894 2481 1946 Livius
2520 1892 2765 1947 meminit
2795 1892 2901 1945 loc.
2938 1892 3033 1945 cit.

2008 1972 2281 2029 Αὐθητανοὶ
2302 1974 2591 2027 Ptolemaeo
2620 1974 2714 2026 lib.
2730 1972 2785 2023 Π
2802 2012 2820 2037 ,
2840 1990 2957 2043 esp.
2974 1976 3033 2025 6.

2010 2051 2289 2124 Oppidum
2308 2055 2445 2107 Ausa
2470 2066 2524 2107 et
2546 2054 2713 2107 Vicus
2739 2055 2913 2116 Ausae,
2938 2053 2995 2102 V
2990 2056 3039 2103 ic

2010 2132 2239 2185 d'Osona
2268 2146 2321 2186 et
2354 2134 2685 2206 frequentius
2708 2134 2867 2197 Vich,
2895 2134 3039 2186 inter

2017 2211 2215 2266 Gemma
2249 2226 2301 2266 et
2328 2215 2575 2267 Mam-esa.
2602 2215 2785 2267 Ilum.
2809 2226 2863 2266 et
2886 2214 2992 2265 En.

2096 2292 2190 2357 43.
2219 2296 2470 2347 Lacetani.
2506 2294 2676 2366 Supra
2710 2294 2941 2359 Gemina,
2970 2294 3035 2345 in

2012 2372 2252 2443 Pyrenei
2290 2373 2577 2428 radicibus.
2618 2376 2795 2427 Hum.

2099 2459 2191 2516 44.
2228 2454 2495 2507 Cen-etani.
2526 2454 2839 2526 Κιῤῥοιτανοὶ
2864 2454 3043 2507 Ptole-

2016 2552 2179 2600 ηιωο,
2200 2534 2291 2586 lib.
2314 2536 2388 2600 11,
2410 2553 2527 2607 cap.
2548 2538 2613 2601 63
2634 2535 2916 2602 Straboni,
2938 2534 3035 2587 lib.

2016 2615 2117 2678 111,
2130 2633 2249 2686 pag.
2276 2620 2403 2682 162,
2425 2617 2748 2687 Κιῤῥητανοί.
2764 2616 3033 2687 Κιρῆτανοι

2028 2696 2075 2746 ἐν
2098 2684 2271 2765 lenpaut
2300 2697 2496 2763 Dioni,
2516 2697 2610 2749 lib.
2628 2695 2891 2760 xxvln,
2908 2713 3029 2766 pag.

2019 2766 2150 2828 382.
2172 2776 2470 2838 Vascones,
2504 2776 2691 2829 nonin
2722 2775 3035 2846 Aquitanis,

2015 2852 2107 2906 sed
2130 2856 2188 2907 in
2211 2856 2467 2927 Hispania
2490 2857 2713 2910 collocat
2734 2857 2896 2908 etiam
2912 2855 3035 2907 Pto-

2014 2935 2228 2988 lemoeus
2243 2936 2349 2989 loc.
2362 2935 2452 2989 cit.
2477 2938 2742 2989 Vascones
2757 2974 2774 3000 ,
2801 2955 2863 2988 ea
2890 2947 3035 2987 aetate

2015 3027 2165 3067 erant
2176 3055 2193 3078 ,
2210 3015 2305 3084 qui
2319 3015 2710 3070 hodieNavar-ri
2725 3034 2740 3068 t
2760 3029 2821 3069 ut
2832 3014 3035 3086 egregie

2012 3095 2206 3164 probat
2229 3093 2574 3161 Oihenartus,
2593 3096 2689 3150 lib.
2704 3097 2761 3150 11
2776 3136 2792 3162 ,
2840 3113 2958 3166 cap.
2986 3111 3035 3158 ι,

2016 3192 2138 3245 pag.
2165 3175 2258 3244 75.
2279 3176 2461 3228 Hsnn.

2100 3255 2193 3317 45.
2234 3255 2465 3309 Barcino.
2512 3257 2577 3308 In
2622 3255 2903 3317 Laeetanis,
2948 3271 3037 3306 seu

2016 3335 2278 3388 Laletanis
2350 3347 2483 3389 teste
2528 3335 2815 3388 Ptolemaeo
2842 3373 2860 3401 ,
2916 3335 3035 3386 loeo

2017 3415 2199 3468 citato.
2264 3415 2423 3469 Nunc
2475 3415 2748 3467 Bon-elom
2803 3425 3034 3468 vocatur.

2018 3494 2237 3548 Gruteri
2256 3494 2573 3568 Inscriptio,
2590 3513 2710 3567 pag.
2737 3502 2770 3559 4
2782 3514 2804 3548 ι
2816 3513 2849 3564 9
2869 3513 2884 3547 :
2906 3495 3035 3547 Cot..

2019 3573 2083 3626 F.
2103 3577 2148 3627 Ι.
2178 3577 2243 3626 A.
2265 3575 2324 3628 P.
2345 3577 2575 3629 Bancm.
2593 3576 2700 3629 hoc
2714 3587 2808 3641 est,
2832 3573 3037 3628 Colonia

2019 3654 2195 3706 Flavia
2219 3655 2359 3707 Iulia
2380 3656 2612 3725 Augusta
2637 3657 2735 3708 Pia
2756 3645 2905 3721 (non
2932 3653 3035 3705 Pa-

2022 3731 2177 3798 rema)
2198 3733 2430 3789 Barcino.
2474 3737 2558 3788 Ibi
2580 3736 2727 3788 enim
2767 3735 2830 3788 F.
2866 3733 3038 3786 Flavia

2020 3826 2116 3868 est.
2136 3815 2274 3867 Nam
2296 3814 2481 3869 eadem
2506 3835 2623 3887 pag.
2641 3815 2861 3887 legitur,
2903 3815 3030 3868 001..

2022 3894 2189 3948 Fan.
2209 3895 2268 3949 P.
2293 3897 2457 3949 Bne.
2478 3899 2551 3950 At
2566 3895 2623 3948 in
2636 3897 2794 3948 Thes.
2816 3894 3031 3955 Goltzii,

2023 3974 2205 4028 Galbae
2219 3993 2472 4028 nummus
2486 4015 2501 4042 ,
2520 3975 2612 4029 sed
2630 3975 2803 4040 fictus,
2822 3987 2882 4027 ut
2910 3973 3035 4027 Gol-

2023 4055 2184 4107 tziani
2239 4055 2483 4128 plerique
2530 4075 2543 4108 :
2588 4059 2721 4112 Cor..
2774 4057 3035 4108 Bsncuro.

2026 4135 2321 4188 Ftvnoeu.
2364 4138 2545 4189 Huni.
