3300 5175
783 524 936 619 296

1322 524 1399 594 C.
1454 524 1801 593 PLINII
1853 523 2075 594 NAT.
2130 522 2395 593 HIST.

779 655 1183 753 Cephalenia
1229 657 1570 751 quondam
1585 646 1636 691 ²⁴
1668 654 1954 727 Melaena
2005 656 2180 725 dicta
2200 710 2221 742 ,
2268 653 2581 724 undecim
2640 651 2945 725 millibus

778 789 956 861 pass.
991 762 1210 848 abest,
1250 764 1534 833 circuitu
1571 750 1822 858 patet²⁵
1846 786 2031 832 κων.
2075 748 2336 831 Same²⁶
2370 760 2592 831 diruta
2616 786 2657 830 a
2686 762 2945 831 Roma-

779 873 884 940 nis
903 926 922 959 ‚
971 870 1193 939 adhuc
1251 884 1476 941 tamen
1533 870 1782 966 oppida
1853 870 1983 937 tria
2000 870 2049 909 ²⁷
2091 868 2313 937 habet.
2369 869 2557 936 Inter
2616 866 2793 938 hane
2862 883 2937 937 et

781 978 1134 1062 Achaiam,
1183 1000 1340 1046 cum
1381 976 1631 1072 oppido
1670 976 2021 1071 magnifica
2035 964 2081 1003 ²⁸
2102 989 2170 1044 et
2200 972 2535 1045 fertilitate
2562 975 2937 1070 praecipua,

779 1202 1057 1275 appellatis
1109 1201 1314 1256 diversa
1329 1240 1348 1267 ‚
1391 1202 1593 1257 caeteris
1629 1204 1809 1274 ignota

781 1282 1116 1353 Geographis
1140 1322 1156 1349 ,
1195 1283 1506 1354 importune
1531 1284 1689 1337 nobis
1712 1285 1810 1336 ob·

779 1362 1018 1415 truditur
1045 1382 1058 1414 =
1087 1374 1141 1415 et
1164 1360 1310 1433 quod
1335 1364 1548 1435 gravius
1572 1376 1648 1417 est
1670 1398 1687 1425 ‚
1716 1362 1811 1416 de·

778 1442 1040 1495 uideretur
1058 1440 1206 1496 haud
1228 1440 1392 1495 dubie
1430 1444 1578 1497 locus
1595 1484 1612 1506 ,
1648 1462 1678 1496 a
1699 1461 1809 1513 qno

773 1522 867 1576 illa
907 1520 1157 1575 undecim
1200 1522 1444 1575 millibus
1484 1523 1810 1594 Cephalenia

773 1602 931 1655 absit.
963 1600 1198 1655 Proinde
1230 1602 1414 1674 scripsi
1443 1602 1805 1666 confidenter,

778 1681 1015 1743 Crocrlea
1029 1720 1046 1745 ,
1065 1683 1152 1735 vel
1165 1682 1213 1735 C
1209 1682 1380 1747 rocyle.
1395 1682 1602 1735 Deinde
1612 1700 1807 1737 novam

773 1760 1060 1832 periodum
1084 1761 1411 1832 auspicatus,
1449 1762 1504 1813 A
1526 1763 1675 1814 Paxo
1708 1762 1805 1816 Ce-

765 1840 1000 1911 phalerata
1014 1880 1030 1905 ‚
1049 1855 1150 1895 etc.
1169 1842 1298 1895 Paxi
1319 1842 1460 1894 enim
1485 1842 1607 1894 satis
1626 1860 1809 1913 super-

774 1938 882 1992 que
905 1922 1150 1974 meminit
1185 1922 1244 1973 in
1273 1921 1540 1973 Paxoi-um
1573 1919 1805 1975 duarum

773 2000 1046 2053 mentione
1065 2000 1378 2053 Pliniussr&
1392 2006 1665 2071 Κροκὺλιια.
1682 2002 1805 2073 plu-

773 2079 916 2132 rium
944 2099 1202 2145 numero,
1226 2079 1371 2150 apud
1399 2081 1621 2133 Homer.
1641 2080 1802 2135 Iliad.

774 2158 850 2225 B,
881 2176 933 2212 v.
961 2160 1068 2229 139
1095 2179 1109 2213 :
1153 2160 1220 2213 oi
1251 2152 1293 2231 ρ’
1330 2149 1505 2215 ioniam
1533 2155 1691 2227 εἶχον,
1718 2162 1803 2215 καὶ

770 2240 982 2308 Νήριτον
1017 2240 1340 2309 εἰνοσίφυλλον
1360 2276 1378 2304 ,
1417 2238 1520 2291 Καὶ
1547 2243 1803 2309 Κροκύλει’

771 2320 1034 2389 ἐνέμοντο,
1055 2320 1142 2373 καὶ
1169 2321 1418 2391 Αίγόλιπα
1443 2322 1697 2389 τραχεῖαν.
1725 2322 1805 2374 Ut

770 2399 1009 2452 Ithacam
1028 2439 1045 2464 ,
1071 2399 1148 2452 sic
1177 2402 1338 2452 etiam
1368 2399 1624 2469 Crocylea
1653 2399 1799 2470 apud

769 2477 1070 2531 Homerum
1083 2479 1268 2531 insulae
1281 2496 1478 2531 nomen
1496 2496 1605 2530 esse
1625 2480 1801 2533 visum

769 2568 850 2612 est
879 2558 1054 2611 Plinio
1083 2577 1099 2612 ε
1133 2557 1405 2630 Stephano
1449 2576 1697 2630 quoque,
1736 2578 1802 2614 ex

767 2637 1120 2709 Thucydide,
1145 2656 1306 2709 quem
1335 2639 1653 2692 intellexisse
1688 2658 1799 2693 non

766 2716 1018 2771 videtur:
1045 2731 1125 2771 est
1147 2719 1294 2772 enim
1321 2717 1613 2787 Crocylion
1643 2719 1801 2774 Thu-

767 2797 948 2868 cydidi
987 2797 1198 2850 AEtoliae
1233 2795 1522 2870 oppidum,
1574 2817 1689 2851 non
1716 2800 1801 2852 in·

765 2877 897 2930 aula.
937 2879 1138 2931 Contra
1188 2895 1318 2932 vero
1366 2877 1614 2931 Straboni
1639 2917 1654 2944 ‚
1699 2879 1795 2935 lib.

765 2957 908 3023 vn,
937 2975 1058 3029 pag.
1091 2958 1204 3029 376
1228 2997 1244 3024 ,
1285 2957 1536 3028 Crocylia
1573 2958 1798 3012 Homeri

763 3036 1027 3109 oppidum
1040 3056 1149 3092 ease
1161 3038 1470 3092 Acarnaniae
1481 3039 1801 3092 continentis

763 3117 1122 3173 existimatum
1163 3132 1259 3173 eat.
1315 3118 1615 3175 Heracleon
1668 3139 1795 3174 vero

761 3195 906 3267 apud
954 3197 1208 3268 Stephan.
1264 3198 1431 3251 verbo
1469 3200 1759 3269 Κροιώλιιον
1776 3237 1795 3266 ,

761 3275 1144 3346 quadrifariam
1171 3276 1340 3332 divisa
1353 3278 1536 3332 Ithaca
1546 3317 1563 3344 ‚
1580 3279 1795 3333 tertiam

761 3358 874 3425 ejus
919 3370 1123 3428 partem
1171 3358 1431 3422 Cmo‘lion
1485 3359 1791 3431 appellavit.

760 3433 951 3489 Ham).

845 3520 936 3582 34.
967 3517 1225 3587 Quondam
1245 3518 1464 3572 Melana
1485 3518 1634 3572 dicta.
1670 3519 1791 3572 Me·

757 3591 892 3648 lana
905 3595 1070 3659 dicta,
1095 3597 1152 3650 id
1165 3611 1244 3652 eat
1257 3637 1275 3665 ,
1295 3599 1463 3670 nigra.
1489 3599 1683 3669 Nigrae
1704 3597 1790 3652 in-

757 3674 896 3729 sulas
942 3676 1260 3750 plerumque
1307 3679 1513 3750 antiqui
1565 3677 1747 3732 dixere
1769 3717 1786 3745 ,

755 3772 876 3825 quae
899 3757 1080 3811 multis
1094 3758 1382 3813 arboribus
1399 3758 1648 3820 consita,
1674 3776 1791 3811 um·

753 3833 968 3890 brocam
1001 3839 1231 3909 speciem
1261 3837 1568 3892 videntibus
1597 3856 1628 3890 e
1651 3838 1788 3892 mari

753 3915 1034 3970 referrent.
1057 3918 1227 3972 Baor.

836 3996 928 4052 ²5.
974 3999 1126 4050 Patet
1153 3997 1357 4052 XLIV.
1382 3998 1447 4050 R.
1485 4016 1508 4051 r
1531 4036 1548 4062 ,
1576 3997 1789 4056 XLIII.

751 4075 1036 4141 Straboni,
1058 4077 1152 4132 lib.
1170 4079 1222 4132 X
1235 4111 1252 4139 ‚
1271 4097 1394 4152 pag.
1417 4076 1548 4141 456.
1573 4077 1788 4150 Cepha·

747 4155 902 4212 lenia.
921 4157 1156 4212 ambitus
1181 4170 1262 4213 eet
1288 4157 1582 4214 stadiorum
1614 4177 1787 4230 prope

1902 1221 1996 1257 ccc
2016 1242 2031 1267 ,
2068 1202 2173 1255 hoo
2210 1214 2291 1255 est
2312 1239 2329 1263 ,
2382 1219 2569 1253 xxxvn
2611 1216 2681 1253 ιι.
2707 1219 2765 1253 n.
2786 1218 2935 1272 pass.

1899 1281 2163 1335 niam—
2174 1283 2321 1351 Lego
2338 1281 2547 1335 CXIII.
2563 1282 2645 1333 Ita
2664 1280 2778 1333 MS.
2796 1299 2819 1333 1
2833 1320 2847 1333 .
2862 1282 2937 1333 In

1902 1362 2034 1414 Loet.
2063 1362 2216 1414 XCI.
2252 1360 2319 1414 In
2356 1359 2596 1413 editione
2637 1360 2885 1432 principe
2912 1399 2934 1425 ,

1902 1442 2229 1495 LXXXIV.
2244 1441 2477 1494 Pessime
2490 1440 2644 1493 MSS.
2658 1441 2785 1511 Reg.
2803 1459 2859 1504 1,
2875 1459 2935 1507 a,

1899 1533 1952 1576 et
1980 1521 2304 1575 recentiores
2320 1519 2581 1574 editiones
2598 1514 2803 1572 XLIV.
2832 1520 2937 1573 Er·

1896 1614 1979 1654 rat
1991 1618 2207 1674 quoque
2217 1600 2408 1654 Strabo
2418 1638 2436 1666 ‚
2447 1600 2543 1652 lib.
2562 1600 2765 1670 X,pag.
2789 1605 2820 1661 4
2831 1599 2862 1653 5
2872 1604 2925 1661 6,

1896 1700 2065 1753 quum
2085 1682 2160 1735 ait
2180 1680 2441 1734 ambitum
2459 1680 2794 1750 cephaleniae
2814 1698 2931 1733 esse

1896 1761 2190 1815 stadiorum
2212 1780 2383 1833 prope
2398 1780 2491 1813 coc
2507 1798 2523 1825 ,
2536 1758 2594 1812 id
2610 1771 2689 1811 est
2700 1799 2716 1826 ,
2733 1778 2925 1813 xxxva

1896 1858 1965 1895 u.
1989 1860 2046 1894 n.
2070 1860 2206 1913 pass.
2222 1842 2483 1911 Maiorem
2496 1857 2781 1892 numerum
2804 1858 2929 1893 snm

1894 1935 2182 1992 sequutus,
2220 1921 2315 1992 qui
2331 1919 2544 1973 veritati
2573 1920 2799 1990 propior
2826 1932 2928 1973 eet.

1894 2002 2088 2053 Incolae
2124 1999 2437 2054 adseverant
2495 1998 2639 2052 hanc
2692 1999 2929 2051 insulam

1891 2080 2119 2135 circuitu
2160 2092 2341 2152 patere
2367 2098 2471 2133 cmx
2500 2079 2637 2131 mill.
2670 2079 2754 2134 Cl.
2776 2079 2928 2132 Gar.-

1893 2177 2041 2213 Lam)
2059 2199 2075 2226 ,
2104 2161 2306 2230 Vosage
2332 2158 2447 2211 MS.
2474 2160 2543 2211 du
2568 2160 2769 2213 Levant.
2818 2160 2930 2213 At-

1892 2237 2221 2293 tendendum
2240 2258 2451 2310 semper
2462 2238 2677 2292 brevius
2702 2256 2815 2291 esse
2836 2258 2931 2291 re·

1890 2320 2188 2373 centiorum
2217 2320 2527 2373 Groecorurn
2570 2318 2887 2371 milliarium
2910 2355 2927 2377 ‚

1891 2416 2056 2469 quam
2090 2400 2192 2453 suit
2216 2401 2597 2453 Romanorum.
2630 2398 2798 2452 Bnor.

1974 2482 2066 2532 26.
2106 2478 2251 2532 Same
2296 2478 2479 2531 diruta.
2536 2478 2693 2531 Same
2715 2518 2730 2543 ‚
2778 2496 2931 2531 nunc

1887 2557 2066 2624 Samo,
2092 2579 2124 2613 a
2156 2558 2408 2612 Romanis
2446 2556 2629 2612 diruta
2666 2576 2808 2611 anno
2848 2558 2929 2612 U.

1890 2639 1953 2692 C.
1970 2638 2040 2694 56
2050 2641 2101 2694 5.
2123 2641 2209 2692 Ibi
2230 2652 2449 2692 manent
2464 2636 2661 2692 rudera
2676 2638 2929 2692 maxima

1890 2720 2236 2791 antiquitatis.
2257 2721 2425 2773 Βιοτ.

1974 2819 2065 2871 ²7·
2100 2799 2299 2870 Oppida
2314 2802 2433 2852 tria.
2457 2799 2643 2864 Quum
2666 2797 2799 2850 olim
2823 2798 2929 2852 ha·

1888 2879 2039 2933 beret
2065 2892 2325 2950 quaterna
2350 2895 2365 2931 :
2410 2876 2558 2932 unde
2610 2877 2927 2948 Τατροίπολις

1886 2959 2164 3013 Eustathio
2181 3001 2199 3023 ,
2222 2978 2345 3032 pag.
2374 2960 2512 3030 307,
2554 2969 2608 3012 et
2632 2957 2926 3024 Straboni,

1884 3057 2009 3111 pag.
2058 3041 2171 3104 455
2186 3080 2203 3106 ,
2246 3039 2509 3112 appellata
2564 3049 2658 3091 eet.
2704 3037 2923 3090 Horum

1886 3132 2118 3190 quatuor
2156 3119 2485 3192 oppidorum
2517 3119 2659 3171 cives
2705 3136 2735 3170 a
2758 3117 2924 3172 Livio

1882 3200 2231 3254 nominantur
2279 3199 2511 3252 Nesiotae
2532 3239 2547 3262 ,
2607 3197 2867 3251 Cranonii
2902 3239 2921 3264 ,

1882 3279 2177 3346 Pallenaea,
2210 3278 2382 3334 Samei
2414 3295 2428 3330 ε
2456 3279 2553 3330 lib.
2581 3277 2923 3343 XXXVIII,

1880 3377 1929 3412 c.
1948 3359 2015 3412 28
2030 3397 2047 3424 ‚
2070 3372 2229 3431 atque
2260 3359 2338 3412 ita
2367 3359 2479 3410 fere
2503 3355 2799 3427 aThucyd.
2813 3358 2919 3412 lib.

1877 3439 1963 3501 11,
1999 3458 2120 3511 pag.
2150 3458 2173 3492 1
2192 3459 2275 3507 ¹9·
2304 3437 2525 3508 Direpta
2562 3437 2719 3490 Same
2744 3456 2779 3489 a
2804 3438 2921 3490 Ro-

1878 3519 2075 3587 manis,
2128 3519 2319 3572 Fulvio
2364 3518 2487 3571 Coa.
2534 3517 2873 3588 Imperatore
2902 3556 2921 3583 ‚

1876 3598 2105 3652 Samaeos
2128 3616 2315 3652 omnes
2336 3599 2435 3651 sub
2460 3615 2659 3650 corona
2680 3596 2919 3662 venisse,

1876 3676 2023 3731 idem
2044 3691 2123 3732 eet
2142 3690 2355 3743 auctor,
2381 3696 2501 3752 pag.
2520 3676 2645 3744 478.
2672 3677 2919 3747 Contigit

1874 3757 1991 3812 haec
2056 3755 2235 3812 clades
2301 3776 2443 3811 anno
2512 3757 2587 3809 U.
2651 3757 2717 3810 C.
2776 3756 2914 3811 565.

1876 3837 2060 3893 Hann.

1961 3919 2052 3972 28.
2074 3917 2196 3970 Cum
2220 3917 2398 3989 oppido
2422 3913 2698 3986 magvufiea.
2716 3915 2919 3968 Liben-

1878 3999 1979 4051 tius
2019 3997 2325 4068 agnoverim
2350 4035 2369 4064 ,
2441 4023 2464 4044 ι
2524 4014 2649 4048 cum
2703 3994 2915 4068 oppido

1874 4078 2191 4150 magnifico,
2231 4104 2254 4125 n
2292 4078 2378 4133 vel
2408 4101 2432 4126 ι
2466 4073 2675 4147 oppido
2702 4077 2915 4146 magni-

1874 4158 1990 4213 fica.
2018 4183 2041 4206 ι
2074 4157 2259 4214 ΗΑιι).
