3300 5175
800 500 941 574 132
1335 497 1413 568 C
1466 496 1803 567 PLINII
1859 487 2061 564 NAT.
2121 493 2371 564 HIST.

790 630 955 704 sini'
988 684 1006 720 ,
963 625 1489 699 ‘Hennenses²²
1504 682 1525 715 ‚
1562 612 1992 722 Hyblenses²³
2009 681 2030 716 ,
2074 612 2566 696 He1h1tenses
2581 678 2601 713 ,
2637 627 2922 696 Herbes-

778 721 1065 812 senses²⁵
1085 733 1640 825 ,²Herhulenses
1620 719 1672 759 ²⁶
1690 789 1710 822 ,
1779 730 2238 828 Halicyenses²
2243 733 2266 772 ⁷
2284 785 2305 822 ‚
2377 719 2877 803 Hadranitani²³
2895 785 2930 820 2

786 944 885 986 etc.
900 930 1138 984 Diodoro
1153 929 1255 982 Sic.
1276 928 1389 982 Bib.
1401 928 1499 982 lib.
1523 928 1629 981 XII
1646 945 1802 1000 ,.pag

1885 926 2120 980 nummis
2164 923 2308 998 apud
2357 925 2642 988 Pan-utam,
2705 929 2921 978 nm

786 1013 885 1080 89,
904 1011 1208 1063 Καλλατῖνοι.
1225 1007 1499 1080 Oppidum
1519 1006 1805 1069 Antonino,
1885 1011 2190 1059 ΜΕΓΑΔΔΣ.
2224 1004 2408 1058 Hann-

791 1094 1021 1144 Galeate.
1067 1088 1225 1141 Nunc
1279 1089 1473 1153 Galesi,
1520 1087 1575 1139 in
1624 1097 1807 1139 monte

789 1169 981 1229 situm,
1008 1166 1075 1220 ad
1102 1165 1432 1220 occidentem
1458 1127 1692 1218 lluminis
1708 1167 1808 1216 Fie-

787 1252 913 1301 ealia
934 1258 987 1300 et
1008 1244 1191 1317 oppidi
1223 1246 1473 1296 Tortor-ici.
1494 1245 1593 1297 En.
1697 1267 1702 1274 ·

861 1345 945 1380 at.
964 1328 1201 1377 Halesim’.
1216 1323 1485 1376 Antonino
1498 1363 1515 1389 ‚
1538 1326 1689 1375 Alesa
1712 1343 1732 1374 :
1749 1322 1810 1376 in

794 1405 933 1458 Tab.
959 1403 1202 1473 Peuting.
1225 1407 1425 1456 Haleso.
1462 1391 1621 1454 Ᾰλὲσα
1651 1404 1810 1466 πόλις,

786 1483 1025 1546 Diodoro
1042 1521 1057 1547 ,
1082 1482 1219 1535 Bibl.
1245 1482 1339 1534 lib.
1363 1482 1514 1544 XIV,
1542 1500 1669 1553 pag.
1689 1483 1809 1544 246.

788 1565 971 1619 Ηιιιι).
996 1593 1069 1604 -—
1093 1555 1292 1618 Ᾰλαὶσα
1311 1563 1560 1616 Straboni
1584 1563 1680 1615 lib.
1697 1562 1812 1628 vl,

786 1662 904 1716 pag.
930 1661 1046 1713 ²7²·
1084 1641 1221 1694 Octo
1246 1640 1429 1694 stadiis
1455 1660 1486 1695 a
1520 1641 1700 1694 littore
1727 1639 1812 1691 di-

788 1717 1811 1792 stabat,ibiqueabArchonidequodnm,

788 1799 1020 1856 Herbita
1056 1797 1327 1870 principe,
1352 1797 1567 1850 condita
1606 1797 1812 1860 fuerat,

789 1881 883 1952 qui
920 1876 1287 1931 Archonidion
1332 1875 1477 1928 illam
1514 1885 1812 1930 vocaverat.

790 1960 963 2034 Hujus
987 1955 1181 2010 rudera
1219 1955 1441 2028 reperiri
1470 1955 1541 2007 ait
1566 1955 1815 2008 Manner-

793 2050 879 2091 tus
906 2035 1053 2090 haud
1082 2035 1239 2106 longe
1272 2054 1301 2087 a
1330 2033 1561 2087 fluminis
1593 2036 1814 2086 Pettineo

791 2115 928 2169 ostio
944 2151 961 2178 ,
981 2125 1033 2167 et
1058 2114 1179 2168 vico
1206 2118 1362 2179 Dua,
1389 2114 1815 2185 septemtrionem

790 2195 933 2247 inter
948 2204 1001 2246 et
1019 2207 1203 2247 ortum
1228 2191 1391 2262 εοΙὶεΙς
1422 2211 1564 2246 ιινιιι
1588 2210 1650 2246 ιι.
1677 2203 1814 2264 pass.

790 2293 821 2326 a
852 2271 1173 2345 Cephaledo.
1197 2270 1460 2335 distabat,
1445 2289 1458 2302 ·
1497 2271 1739 2344 quamvis
1761 2271 1815 2324 in

792 2350 1048 2404 Antonini
1074 2349 1357 2402 Itinerario
1382 2367 1635 2403 xxvuns.
1674 2368 1814 2422 pass.

794 2431 994 2501 legatur
1012 2429 1347 2482 librariorum
1362 2427 1708 2499 negligentia,
1723 2428 1819 2499 qni

794 2508 1019 2561 littemm
1044 2527 1079 2560 x
1106 2507 1541 2560 interseruerunt.
1570 2507 1676 2560 En.

870 2606 952 2639 aa.
984 2592 1291 2639 Hennenses.
1332 2586 1413 2640 Ab
1452 2585 1605 2640 Enna
1650 2587 1817 2655 urbe,

794 2666 862 2719 de
881 2684 989 2735 qua
1004 2664 1229 2729 Strabo,
1262 2664 1357 2717 lib.
1377 2665 1493 2729 vl,
1532 2682 1656 2737 pag.
1680 2682 1817 2737 ²7²·

792 2736 859 2799 ἐν
899 2742 960 2799 δὲ
999 2747 1270 2818 μισογαίᾳ,
1299 2748 1388 2804 τὴν
1433 2703 1519 2816 μίν
1562 2736 1742 2814 ἐνναν,
1767 2750 1816 2802 ἂν

794 2812 827 2887 ἦ
867 2827 923 2878 τὸ
964 2826 1084 2895 ἱερὸν
1138 2828 1227 2885 τῆς
1269 2824 1519 2897 Δήμητρος
1554 2865 1570 2895 ,
1626 2828 1816 2895 ἔχουσιν

793 2905 977 2974 ὀλίγοι,
1025 2906 1243 2976 κειμένην
1278 2905 1359 2958 ἐπὶ
1383 2906 1515 2975 λόφῳ
1542 2914 1822 2977 πιριιιλημ·

794 2986 943 3053 μένην
969 2989 1208 3039 πλάτισιν
1256 2980 1527 3055 ὃροπιδέοις
1570 2980 1819 3056 ἀρόσίμοις

795 3066 989 3116 πᾶσαν.
1017 3060 1221 3113 Vocem
1252 3059 1394 3113 hanc
1422 3060 1597 3113 Latini
1627 3063 1818 3134 sapius

796 3133 1134 3211 aspis-arunt:
1168 3156 1279 3193 non
1318 3140 1443 3191 item
1470 3140 1673 3203 Graeci,
1709 3142 1820 3212 qui·

796 3218 899 3270 bus
924 3210 1050 3269 Ῑῖννα.
1082 3218 1342 3271 scribitur.
1365 3216 1451 3271 Sic
1477 3236 1573 3270 nos
1600 3218 1816 3273 Hanno-

797 3314 920 3347 nem
973 3293 1231 3349 dicimus.
1280 3296 1452 3349 Graeci
1498 3286 1702 3349 Ῑιννωνα..
1750 3297 1819 3351 Et

798 3372 945 3445 apud
990 3374 1021 3425 J
1026 3374 1094 3425 ul.
1134 3373 1345 3426 Fir-mic.
1382 3374 1472 3426 lib.
1511 3373 1579 3427 de
1622 3376 1816 3428 Eri-ore

798 3452 945 3505 Pros.
965 3451 1131 3525 Relig.
1152 3470 1273 3524 pag.
1298 3458 1364 3515 ²4
1381 3493 1397 3519 ,
1428 3458 1567 3505 Ceres
1586 3460 1818 3507 Hennen-

800 3533 867 3582 sis
904 3533 1091 3582 mulier.
1127 3530 1299 3583 Hodie
1334 3534 1505 3583 Castro
1542 3535 1785 3585 Giovanni
1796 3573 1812 3595 ,

800 3610 917 3661 σιἐιὰ
938 3611 1329 3677 inespugnabile.
1349 3609 1527 3663 Hann-

873 3686 957 3740 23.
974 3687 1261 3752 Hyblenses.
1291 3688 1483 3742 Preter
1500 3700 1712 3744 caterae
1737 3711 1819 3745 ur-

800 3766 893 3819 bes
914 3767 1025 3837 ejus
1044 3765 1307 3829 nominis,
1324 3766 1459 3820 fuit
1444 3786 1499 3819 ιιι
1519 3767 1691 3823 Sicilia
1710 3770 1818 3844 Hy-

796 3832 887 3898 bla
928 3847 1118 3917 major,
1158 3845 1214 3897 in
1253 3846 1615 3899 Catinensium
1654 3866 1815 3921 agro,

802 3926 952 3996 cujus
972 3923 1159 3977 incola
1183 3916 1371 3978 Ῡὸλαῖοι
1393 3925 1535 3999 apud
1560 3927 1814 3999 Stephan.

800 4022 949 4057 nunc
973 4010 1215 4067 Paterno,
1240 4016 1301 4057 ut
1322 4004 1541 4077 quidem
1568 4005 1816 4063 Cluverio

800 4080 1029 4150 videtur,
1052 4083 1193 4138 Sicil.
1242 4084 1331 4137 lib.
1364 4085 1419 4136 11
1443 4122 1461 4149 ,
1490 4102 1609 4159 cap.
1658 4086 1710 4140 8.
1747 4090 1814 4142 Ῑιι

1961 1091 2049 1149 24.
2072 1086 2397 1136 Herbitenses.
2424 1076 2668 1154 &paratos
2689 1081 2918 1154 Stepha-

1888 1183 1985 1227 no,
2010 1176 2064 1218 et
2088 1161 2326 1217 Diodoro
2348 1161 2452 1216 Sic.
2484 1161 2577 1216 lib.
2602 1162 2916 1235 X1V,pag.

1892 1246 2015 1313 296.
2042 1243 2186 1300 Gens
2212 1241 2504 1295 Ciceroni⁰
2486 1260 2544 1294 ιιι
2584 1243 2741 1295 Verr.
2771 1241 2916 1294 libro

1890 1322 1972 1376 lv
2007 1333 2058 1375 et
2085 1323 2166 1383 V,
2189 1321 2382 1395 saepius
2409 1331 2715 1375 memorata.
2760 1321 2922 1374 Illam

1891 1419 2050 1475 super
2075 1420 2258 1455 omnes
2285 1400 2478 1454 siculas
2501 1401 2661 1454 urbes
2679 1439 2694 1464 ‚
2727 1400 2794 1453 ad
2834 1421 2921 1456 se-

1891 1483 2265 1556 ptemtrionem
2299 1478 2610 1535 Nebrodum
2650 1481 2921 1534 montium

1893 1561 2018 1614 sitas
2025 1559 2351 1614 dominatam
2367 1577 2479 1612 esse
2491 1570 2642 1631 putat
2653 1557 2920 1613 Mannert.

1894 1639 2167 1712 Oppidum
2205 1639 2260 1691 id
2295 1655 2404 1693 esse
2443 1636 2605 1691 hodie
2645 1638 2882 1692 creditur
2899 1647 2922 1704 ,'

1893 1718 2040 1792 quod
2108 1720 2310 1770 Nicasia
2368 1721 2484 1770 ciete
2553 1720 2917 1770 costaneissima

1893 1797 2058 1854 Siculi
2075 1809 2297 1861 vocant,
2317 1807 2372 1851 et
2391 1796 2548 1867 cujus
2560 1796 2726 1851 ruinis
2749 1798 2921 1852 crevit

1895 1879 2170 1944 Sper-linga,
2201 1877 2258 1928 iu
2285 1874 2473 1931 Siculis
2509 1877 2744 1948 vesperis
2779 1877 2922 1932 cele·

1895 1954 2144 2008 beri-ima.
2170 1956 2272 2008 En.

1913 2049 1922 2055 “
1971 2033 2053 2088 25.
2080 2039 2443 2087 Her-bessenses.
2475 2035 2802 2089 Herbessum
2831 2035 2924 2087 Li-

1896 2113 2016 2165 vius
2051 2113 2187 2167 inter
2211 2113 2497 2188 Syracusas
2524 2127 2576 2167 et
2601 2116 2926 2168 Leontinum

1899 2213 2084 2266 agrum
2110 2194 2331 2247 collocat
2347 2233 2364 2258 ,
2401 2193 2542 2247 libro
2569 2193 2776 2258 XXIV,
2801 2213 2923 2266 cap.

1900 2273 2001 2338 30,
2031 2273 2121 2326 ubi
2147 2291 2294 2327 nunc
2309 2273 2540 2346 cryptae,
2563 2277 2610 2326 Ie
2630 2278 2827 2340 Gronee,
2864 2285 2926 2326 ut

1900 2352 2118 2425 quidem
2144 2351 2384 2405 Fazellus
2410 2351 2708 2414 existimat,
2737 2350 2924 2405 decad.

1901 2431 1956 2494 1,
1984 2432 2073 2484 lib.
2109 2431 2178 2484 X.
2216 2431 2386 2485 Situm
2409 2430 2644 2503 ignorari
2673 2429 2746 2484 ait
2772 2431 2929 2483 Man-

1903 2523 2105 2565 nertus.
2129 2513 2230 2564 Eo.

1977 2596 2054 2644 26.
2067 2596 2403 2645 Her-bedense&
2419 2590 2580 2643 Forte
2588 2594 2926 2643 Harhelenses.

1899 2670 2039 2724 Nam
2065 2670 2334 2744 Stephano
2356 2670 2480 2723 urbs
2499 2669 2688 2723 Siciliae
2705 2660 2894 2741 Ᾰρΰίλη
2908 2709 2926 2733 ,

1903 2766 1967 2803 ex
1990 2750 2216 2802 Philisto
2231 2788 2246 2813 ,
2265 2750 2363 2803 lib.
2391 2749 2528 2801 VIII
2555 2750 2756 2802 Rerum
2773 2749 2924 2803 Sicu-

1901 2829 1994 2881 lar.
2025 2828 2166 2881 Situs
2185 2829 2478 2901 ignoratur.
2507 2828 2605 2880 En.

1977 2926 2059 2978 27.
2084 2912 2420 2974 Halicyenses.
2441 2907 2528 2962 Sic
2547 2908 2880 2978 appellantur
2895 2926 2928 2963 ι

1904 2986 2125 3041 aCicer.
2156 2986 2210 3039 in
2237 2987 2392 3040 Verr.
2418 2986 2508 3039 lib.
2549 2987 2644 3050 IV,
2681 3005 2799 3059 cap.
2827 2988 2928 3055 68,

1905 3064 1998 3137 qui
2035 3084 2125 3119 eos
2149 3066 2343 3119 liberos
2373 3076 2424 3118 et
2454 3065 2679 3119 tributi'
2662 3084 2926 3120 immunes

1907 3144 2054 3197 dicit.
2073 3134 2340 3208 Ᾰλικυαῖοι,
2363 3162 2396 3198 a
2416 3144 2667 3218 Thucyd.
2690 3144 2782 3198 lib.
2800 3146 2926 3210 VII,

1906 3242 2024 3295 pag.
2067 3223 2189 3277 511.
2227 3224 2373 3277 Inter
2403 3224 2666 3277 Entellam
2701 3237 2753 3279 et
2777 3224 2924 3297 Lily·

1900 3302 2075 3355 baeum
2101 3291 2298 3355 haeum
2327 3319 2357 3356 a
2375 3301 2649 3375 Stephano
2663 3302 2927 3356 collocan-

1905 3394 2013 3435 tur.
2053 3382 2209 3434 Nunc
2250 3385 2440 3434 Saleme
2474 3380 2731 3453 oppidum
2775 3380 2940 3434 haud·

1903 3458 2134 3531 ignobile
2149 3497 2164 3523 ,
2185 3460 2462 3532 antiquum
2483 3459 2618 3513 illud
2635 3479 2828 3514 nomen
2844 3480 2926 3513 re-

1905 3538 2007 3591 fert
2045 3538 2248 3609 vulgari
2299 3558 2560 3593 sermone.
2600 3540 2689 3593 Sal
2730 3540 2927 3614 quippe

1825 3636 1832 3647 ·
1905 3616 2105 3670 Graecis
2147 3619 2229 3679 ἃλς
2280 3616 2482 3673 dicitur
2524 3638 2539 3669 ε
2578 3617 2723 3673 unde
2765 3620 2926 3681 ἀλαὸς

1907 3700 2084 3748 salsus.
2113 3696 2295 3749 nnn.
2323 3710 2374 3750 et
2395 3698 2500 3751 En.

1979 3776 2064 3829 28.
2096 3778 2448 3831 Hadranieam‘.
2471 3774 2626 3828 Diod.
2651 3774 2746 3827 lib.
2768 3774 2930 3840 XIV,

1903 3872 2022 3927 pag.
2043 3856 2144 3908 265
2160 3892 2175 3918 ,
2192 3844 2420 3926 Ᾰδρανον.
2439 3854 2568 3907 Silio
2582 3891 2598 3916 ,
2617 3857 2931 3907 Hadranum.

1905 3931 2134 3985 Herbita
2193 3931 2545 3987 dominationi
2611 3934 2927 4006 subjectum.

1904 4014 1972 4065 In
1995 4014 2228 4067 nummis
2251 4018 2597 4068 AAPANITAN
2612 4054 2628 4079 ,
2657 4012 2801 4086 apud
2823 4014 2929 4065 Pa-

1903 4103 2096 4145 rutam.
2122 4093 2278 4146 Nunc
2305 4096 2504 4145 Ades-no
2523 4105 2759 4149 vocatur.
2782 4092 2890 4145 En.
2937 4104 2942 4112 ’
