3300 5175
792 545 935 619 136
1306 547 1387 616 C.
1447 532 1792 616 PLIN1I
1841 543 2053 626 ¹NAT.
2109 545 2370 615 HIST.

785 681 986 750 Caene
1006 662 1069 766 ⁶,
1097 675 1335 747 Galata
1352 675 1400 766 ⁷,
1434 677 1825 772 Lopadusa,
1863 675 2173 764 AEthusa‚
2215 701 2418 772 quam
2453 673 2563 744 alii
2595 669 2920 770 AEgusam'

788 785 1194 878 scripserunt
1228 803 1244 846 τ
1291 769 1627 853 Bucinna⁸
1664 807 1682 850 ε
1728 798 1797 852 et
1835 807 1879 851 a
1911 780 2217 852 Solunte⁹
2263 779 2504 852 Lxxx¹⁰
2545 805 2625 852 u.
2663 783 2910 852 Osteo-

782 891 897 960 des
918 889 961 926 ῃ
1016 893 1037 956 ἑ
1072 905 1433 983 contraque
1460 890 1826 983 Paropinos
1890 889 2139 960 Ustica.
2217 889 2404 958 Citra
2442 885 2490 915 ¹²
2539 911 2710 957 vero
2741 889 2912 957 sici-

781 994 936 1066 liam
990 1021 1071 1064 ex
1128 994 1407 1065 adverso
1463 997 1755 1065 Metauri
1793 997 2002 1065 amnis
2036 1048 2055 1081 ‚
2115 1019 2248 1063 xxv
2264 979 2312 1019 ¹³
2355 992 2645 1064 millibus
2701 994 2917 1063 ferme

782 1127 953 1197 pass.
998 1102 1083 1171 ab
1117 1100 1306 1171 Italia
1334 1155 1353 1190 ,
1394 1089 1565 1172 v11¹⁴
1612 1100 1840 1172 AEoliae
1883 1099 2243 1198 appellatae.
2281 1100 2547 1170 Eaedem
2582 1101 2916 1195 Liparaeo-

780 1292 1039 1348 censitam
1080 1292 1240 1347 fuisse
1253 1328 1272 1358 ,
1308 1291 1433 1347 satis
1459 1303 1795 1366 compertum

781 1384 877 1426 est.
898 1374 1002 1425 En.

850 1457 903 1506 6.
948 1458 1116 1505 Coene.
1150 1451 1326 1507 Kami-
1386 1454 1469 1505 Ita
1517 1449 1641 1503 libri
1689 1469 1801 1503 om-

716 1563 723 1574 »
782 1551 910 1600 nes,
937 1531 1157 1604 ipseque
1177 1530 1469 1584 luminum
1484 1569 1501 1596 ‚
1535 1530 1674 1582 libro
1697 1529 1801 1595 vl,

775 1630 899 1684 pag.
922 1612 1038 1664 208.
1058 1610 1197 1662 Cave
1224 1621 1399 1663 tamen
1434 1607 1618 1662 credas
1650 1612 1802 1672 σωκ]

778 1687 1047 1761 Stephani*
1066 1688 1294 1742 insulam
1336 1705 1484 1741 nunc
1534 1685 1734 1758 signari
1768 1703 1802 1738 a

780 1766 971 1821 Plinio.
990 1768 1255 1820 Locorum
1286 1767 1428 1820 enim
1453 1767 1500 1820 is
1531 1765 1802 1819 vicinitate

780 1845 1031 1917 deceptus
1044 1885 1059 1912 ‚
1078 1845 1500 1918 promontorium
1512 1845 1676 1898 Italia
1692 1842 1806 1897 Co-

780 1925 840 1977 ni
900 1924 1088 1978 Peloro
1136 1923 1431 1979 'adversum
1448 1961 1464 1987 ‚
1520 1940 1802 1994 perperam

783 2003 930 2057 hund
946 2001 1125 2066 dubie,
1134 2002 1363 2056 insulam
1385 2002 1592 2074 putavit
1608 2019 1802 2073 :quum

782 2101 897 2135 non
922 2080 1086 2135 modo
1124 2094 1317 2152 proter
1350 2100 1471 2135 eum
1506 2099 1664 2133 nemo
1690 2081 1805 2153 ejus

780 2161 971 2215 insula
1024 2161 1348 2222 meminerit,
1406 2159 1500 2212 sed
1550 2178 1650 2212 nec
1699 2158 1806 2210 ulla

779 2258 1011 2313 usquam
1028 2240 1170 2294 circa
1178 2240 1425 2292 Pelorum
1437 2239 1527 2302 sit,
1539 2255 1806 2309 unquam-

783 2338 851 2375 νο
867 2360 884 2386 ,
923 2322 1074 2391 cujus
1114 2315 1329 2391 quidem
1364 2316 1570 2370 mentio
1601 2321 1767 2368 exstet
1789 2352 1806 2382 ,

782 2397 945 2450 fuerit
972 2397 1162 2451 imula.
1188 2394 1550 2460 H.—-110die,
1570 2404 1631 2446 ut
1659 2406 1809 2465 puto,

786 2479 1001 2541 Limosa,
1013 2479 1167 2548 eujus
1180 2493 1379 2528 nomen
1394 2474 1614 2526 fortasse
1630 2471 1700 2524 ab
1715 2491 1810 2524 an·

784 2555 938 2627 tiquo
962 2553 1111 2609 venit
1120 2594 1139 2617 ,
1162 2551 1309 2627 quod
1325 2551 1643 2607 recentiores
1667 2556 1809 2605 Goene

781 2652 887 2706 pro
904 2639 1047 2687 Crem
1066 2633 1411 2704 scripserunt,
1428 2632 1605 2703 sicque
1625 2650 1654 2683 a
1673 2650 1808 2683 eoeno

784 2730 879 2768 eeu
896 2716 1014 2765 limo
1037 2751 1053 2777 ,
1080 2712 1349 2765 Limosam
1374 2721 1660 2765 vocarunt.
1689 2710 1789 2762 En.

856 2811 907 2862 7.
976 2794 1164 2844 Galata
1182 2826 1199 2854 ,
1244 2801 1345 2843 etc.
1395 2788 1523 2841 Haec
1574 2788 1807 2859 priscum

783 2866 982 2927 nomen
1004 2870 1215 2923 retinet.
1238 2867 1518 2921 Ptolemaeo
1536 2907 1551 2933 ,
1574 2866 1668 2919 lib.
1700 2867 1804 2935 lv,

782 2968 903 3025 cap.
926 2951 956 3005 3
973 2987 990 3014 ,
1013 2950 1213 3004 Ramista
1234 2966 1249 3000 ι
1272 2947 1433 2999 altera
1468 2942 1770 2999 Αοπαδοῦσα
1785 2986 1801 3011 ,

782 3029 997 3101 Auguria
1012 3028 1211 3101 Scylaci
1224 3062 1240 3091 ,
1258 3044 1373 3099 pag.
1396 3027 1482 3090 48,
1495 3043 1639 3079 nunc
1663 3032 1806 3077 Lam·

778 3113 989 3177 pedosa.
1024 3108 1237 3160 Αἶθουσα
1274 3102 1448 3158 eidem
1484 3104 1770 3158 Ptolemae
1787 3143 1802 3169 ,

784 3188 879 3260 qui
908 3190 1155 3261 AEgusam
1181 3187 1250 3239 ab
1289 3185 1513 3237 AEthusa
1542 3184 1805 3239 diversam

784 3266 1013 3321 insulam
1039 3264 1165 3319 facit
1181 3302 1199 3329 ,
1232 3282 1350 3338 quae
1385 3264 1433 3316 ei
1459 3262 1804 3318 hallucinatio

784 3344 1034 3415 hequens
1067 3342 1359 3397 admodum
1394 3353 1487 3396 est.
1526 3342 1708 3397 Hann-
1735 3356 1820 3385 --“

782 3416 958 3478 Hodie
975 3422 1271 3495 appellatur
1282 3424 1572 3491 Fae-ignaua
1586 3459 1602 3485 ,
1622 3433 1680 3474 ut
1695 3423 1808 3477 vult

782 3504 1113 3558 Manna-tus.
1133 3503 1242 3556 En.
1797 3539 1804 3545 -

856 3582 907 3636 8.
944 3586 1185 3635 Bucinna.
1222 3580 1345 3633 Haec
1380 3578 1682 3646 Ptolemoei,
1707 3580 1802 3633 lib.

781 3663 874 3715 111
889 3702 905 3727 ‚
934 3679 1046 3735 cap.
1067 3667 1098 3724 4
1115 3699 1130 3725 ,
1149 3659 1419 3732 Φορὲαντία
1435 3658 1688 3712 creditur.
1707 3658 1807 3711 Ita·

780 3740 845 3794 lis
880 3747 1123 3794 Βοναηιο.
1161 3740 1433 3813 Stephano
1487 3756 1503 3790 ε
1544 3736 1767 3789 Βουκίννα.
1784 3774 1801 3800 ,

778 3820 911 3879 πόλις
923 3819 1135 3878 Σικελίας
1158 3838 1173 3869 =
1192 3830 1285 3872 aut
1310 3818 1443 3871 falso
1461 3855 1476 3881 ,
1500 3827 1593 3868 aut
1614 3813 1804 3868 sicula

780 3896 996 3951 ditionis
1036 3899 1224 3952 urbem
1260 3909 1315 3950 et
1349 3896 1585 3949 insulam
1626 3894 1802 3948 dicere

775 3976 957 4030 voluit.
980 3977 1164 4031 Ham).

772 4078 791 4093 ·
845 4074 895 4125 9.
952 4060 1167 4108 Solunte.
1226 4054 1560 4125 proponebat
1609 4052 1790 4109 Dalec.

770 4137 1015 4189 Selebuiee.
1042 4134 1143 4188 En.

1962 1310 2043 1345 10.
2062 1295 2259 1344 LXXX.
2278 1290 2459 1345 Dalec.
2489 1301 2543 1344 et
2561 1290 2678 1343 Elz.
2705 1294 2912 1343 LXXV.

1884 1373 2008 1424 Nou
2019 1382 2200 1424 autem
2212 1390 2245 1425 v
2259 1380 2489 1436 tantum,
2499 1367 2594 1422 sed
2611 1387 2683 1421 xx
2693 1386 2757 1421 n.
2774 1387 2918 1440 pass.

1887 1448 2218 1504 detrahenda
2249 1461 2372 1502 sunt
2386 1485 2401 1511 ‚
2429 1459 2490 1501 ut
2511 1465 2696 1501 verum
2714 1447 2916 1500 habea-

1886 1541 1976 1582 tur
2025 1529 2167 1581 inter
2202 1527 2486 1581 Osteodem
2512 1563 2533 1590 ,
2575 1545 2735 1598 quam
2768 1543 2918 1578 nunc

1888 1610 2066 1661 Alieur
2099 1626 2212 1662 esse
2236 1605 2402 1660 modo
2429 1607 2668 1660 dicemus
2687 1645 2703 1673 ,
2737 1617 2790 1659 et
2812 1603 2915 1679 So-

1887 1688 2040 1742 lunta
2062 1688 2422 1742 intervallum.
2444 1687 2549 1739 En.

1965 1785 2048 1820 ιι.
2087 1770 2321 1818 Osteodes
2341 1803 2358 1829 ,
2389 1776 2490 1818 etc.
2527 1763 2711 1816 Chim.
2741 1769 2916 1814 Osteo-

1889 1849 1994 1896 des.
2014 1835 2270 1904 ὀστώδης
2305 1842 2527 1915 pariter,
2571 1855 2624 1895 et
2647 1842 2860 1895 Οὒστὶκσ.
2881 1861 2912 1894 a

1890 1923 2172 1976 Ptolemaeo
2182 1933 2558 1984 memorantur,
2565 1921 2704 1974 inter
2715 1921 2918 1974 insulas

1891 2019 2006 2066 eas,
2033 2021 2154 2075 qum
2179 2002 2370 2056 Sicilia
2403 2000 2663 2075 adjacent.
2691 2003 2770 2053 De
2808 2001 2914 2054 hae

1889 2080 2141 2135 Horatius
2164 2099 2413 2152 quoque,
2453 2078 2543 2132 lib.
2584 2081 2610 2130 1
2631 2117 2646 2143 ,
2681 2078 2786 2131 ode
2823 2097 2916 2148 17,

1891 2159 2104 2212 locutus
2134 2177 2167 2211 a
2201 2158 2466 2211 Bochai-to
2501 2156 2737 2210 creditur
2768 2179 2782 2209 ε
2819 2156 2918 2210 sed

1890 2255 2172 2310 perperam
2203 2254 2218 2288 ε
2246 2255 2413 2308 quum
2443 2234 2512 2288 de
2545 2248 2698 2308 parte
2735 2234 2916 2307 aliqua

1893 2317 2006 2388 agri
2031 2315 2215 2369 Sabini
2253 2315 2328 2367 ibi
2357 2332 2530 2370 sermo
2557 2316 2642 2368 sit.
2675 2319 2914 2366 Osteodes

1891 2395 2081 2460 hodie,
2111 2408 2170 2450 ut
2185 2398 2373 2468 probat
2394 2397 2724 2461 Mannertus,
2749 2399 2920 2448 Alieur

1893 2489 2000 2539 est,
2021 2475 2092 2528 ad
2113 2475 2440 2529 occidentem
2453 2475 2750 2528 AEoliarum
2773 2475 2914 2528 insu-

1893 2557 2060 2611 larum
2073 2594 2089 2619 ,
2117 2552 2281 2609 hodie
2307 2555 2396 2608 fles
2417 2559 2482 2607 de
2499 2557 2668 2625 Πρω-ι’
2678 2593 2694 2618 ,
2707 2553 2774 2608 de
2795 2554 2917 2626 qui-

1891 2638 1996 2689 bus
2007 2654 2154 2701 mox,
2162 2636 2348 2707 posita;
2357 2635 2536 2688 Ustica
2549 2654 2746 2689 nomen
2759 2654 2916 2689 suum

1898 2716 2110 2769 retinet.
2139 2716 2314 2767 Hm.
2343 2727 2396 2767 et
2419 2715 2520 2767 En.

1971 2814 2050 2869 ¹²„-
2092 2798 2222 2847 Cae'tm
2256 2814 2379 2846 vero
2408 2798 2641 2847 Siciliam.
2674 2794 2802 2848 Hoec
2833 2795 2918 2849 iis·

1894 2872 2018 2927 dem
2063 2874 2232 2930 verbis
2281 2874 2573 2927 Martianus
2593 2911 2610 2938 ,
2665 2874 2758 2929 lib.
2797 2875 2879 2927 vl
2899 2914 2916 2939 ,

1891 2972 2011 3027 pag.
2044 2954 2163 3007 208.
2198 2953 2376 3006 Hm.

1967 3034 2052 3087 13.
2095 3037 2261 3084 XXV.
2299 3034 2474 3085 Dalec.
2525 3046 2578 3085 et
2628 3032 2739 3085 Elz.
2789 3039 2912 3088 XII.

1891 3111 2070 3166 Chim.
2085 3116 2199 3165 XV.
2215 3110 2340 3165 Huc
2360 3124 2534 3164 autem
2553 3112 2736 3165 omnia
2751 3111 2913 3167 falsa:

1889 3208 2011 3245 nam
2029 3210 2139 3246 nv
2152 3208 2210 3244 x.
2227 3209 2371 3262 pass.
2382 3204 2460 3243 est
2477 3191 2754 3243 minimum
2777 3191 2922 3243 inter

1890 3270 2118 3325 Metauri
2132 3269 2330 3323 ostium
2344 3281 2398 3322 et
2420 3269 2617 3323 AEolias
2627 3268 2820 3323 insulas
2834 3270 2917 3322 in·

1889 3351 2179 3405 tervallum.
2211 3350 2310 3401 En.

1886 3462 1896 3467 -
1972 3437 2053 3494 14.
2099 3434 2200 3479 VII
2232 3430 2433 3480 AEolae‘oe.
2475 3426 2674 3481 Omnes
2713 3427 2816 3480 illm
2842 3428 2918 3479 in·

1893 3510 2020 3562 sulae
2045 3508 2252 3578 ignium
2277 3506 2746 3560 sumen-aneorum
2772 3506 2826 3561 vi
2851 3526 2914 3560 ex

1894 3587 2167 3659 eruptione
2190 3598 2313 3638 sunt
2337 3598 2526 3649 enatae,
2559 3596 2616 3638 ut
2641 3584 2915 3640 evidenter

1891 3665 2108 3738 agnovit
2155 3665 2234 3718 Cl.
2283 3664 2608 3727 lintax-oze,
2661 3664 2755 3736 qui
2799 3662 2915 3717 haec

1891 3747 2010 3799 loca
2033 3743 2432 3816 diligentissime
2451 3743 2761 3816 exploravit.
2771 3742 2918 3796 Vide

1893 3836 1945 3878 et
1965 3824 2044 3879 Cl.
2063 3823 2336 3876 Batnon!
2355 3860 2371 3885 ,
2397 3829 2605 3891 Voyage
2625 3826 2690 3873 de
2705 3823 2849 3874 sicile
2867 3836 2919 3872 ee

1889 3908 1954 3957 de
1981 3907 2163 3965 Malae,
2189 3913 2317 3955 tom.
2346 3901 2373 3952 1
2393 3937 2408 3963 ,
2447 3904 2568 3972 pag.
2599 3900 2685 3952 36.
2715 3900 2796 3951 Ibi
2821 3917 2912 3951 au·

1889 3995 1995 4037 tem
2033 4001 2066 4035 a
2101 3982 2263 4034 Plinii
2299 3978 2626 4051 temporibus
2654 3997 2808 4033 nova
2835 3978 2920 4029 in-

1883 4060 2011 4115 sula
2037 4058 2282 4132 prodiere
2321 4077 2334 4110 ε
2363 4076 2506 4113 nune
2541 4058 2686 4111 enim
2719 4076 2778 4111 xx
2811 4074 2914 4109 nu-

1883 4152 2170 4195 merantur.
2197 4138 2362 4193 Bnor.
