3300 5175
59 2236 114 2780 ’ν’-ἶιῐὲ-ἔῗέἷῢγίἵῑ

61 2812 114 2861 ῑῖ

1197 536 1518 605 LIBER
1581 536 1722 605 1V.-
2386 478 2535 621 3o5

390 666 736 753 Cadistus,
774 664 1024 747 Idaeus,
1066 664 1500 759 Dictynnaeus
1513 649 1596 751 ⁴³,
1632 668 1951 761 Corycus,
1984 672 2139 767 Ipsa
2166 672 2355 746 abest
2379 704 2534 773 pro-

391 774 730 845 montorio
781 796 902 843 suo
926 821 946 856 ,
1007 770 1190 865 quod
1251 786 1530 841 vocatur
1590 774 2077 871 Criumetopon
2104 831 2124 867 ‚
2167 794 2247 850 ut
2306 786 2536 879 prodit
2648 852 2657 861 ,

391 882 726 975 Agrippa,
779 902 818 947 a
877 881 1292 972 Cyrenarum
1357 880 1820 974 promontorio
1862 882 2207 977 Phycunte
2218 874 2271 920 ⁴⁴
2291 940 2310 975 ,
2354 915 2535 964 cxxv

392 986 684 1057 millibus
717 1009 1050 1080 passuum.
1093 986 1264 1055 Item
1320 985 1592 1055 Cadisto
1606 971 1681 1052 ⁴⁵.
1729 987 1789 1057 A
1831 988 2052 1060 Malea
2094 992 2535 1091 Peloponnesi
2652 1072 2659 1079 ,

397 1116 574 1163 uxv
585 1078 640 1123 ‘¹⁶

395 1196 557 1268 mill.
601 1200 670 1267 in
712 1200 1080 1269 Favonium

397 1304 761 1399 interjacet.

1093 1185 1144 1237 ⁴7

645 1145 660 1161 .
701 1096 762 1159 A
806 1091 1148 1187 Carpatho
1186 1091 1400 1161 insula
1420 1146 1440 1180 ‚
1485 1095 1947 1187 promontorio
2002 1098 2386 1172 Sammonio
2444 1130 2539 1179 Lx

1173 1212 1469 1268 ventum.
1509 1200 1670 1268 Haec
1720 1200 1894 1269 inter
1928 1226 2075 1272 eam
2120 1220 2189 1275 et
2218 1208 2537 1282 Rhodum

505 1410 802 1506 Reliquae
829 1414 1010 1482 circa
1045 1437 1190 1483 eam
1229 1434 1245 1477 ε
1281 1426 1436 1481 ante
1456 1409 1995 1507 Peloponnesum
2016 1415 2165 1487 duoe
2188 1420 2445 1493 Coricoe
2464 1411 2541 1514 ⁴⁸,
2578 1444 2608 1497 5

399 1518 674 1588 totidem
719 1516 963 1613 Mylae:
1014 1533 1081 1588 et
1127 1516 1333 1587 latere
1375 1518 1932 1613 septemtrionali,
1980 1521 2215 1595 dextra
2264 1530 2537 1601 Cretam

399 1624 678 1695 habenti
697 1639 933 1695 contra
949 1611 1646 1719 Cydoniam⁴⁹Leuce,
1687 1640 1753 1695 et
1782 1625 1988 1697 duaess
2001 1630 2249 1703 udroae.
2287 1636 2545 1708 Contra

400 1778 704 1849 Dictynnoei
745 1790 800 1833 et
837 1777 1043 1833 Cadisti
1071 1796 1086 1831 ε
1115 1779 1210 1851 qui
1243 1777 1318 1832 ita
1339 1794 1430 1832 ex·

401 1857 754 1925 candescunt,
781 1871 842 1912 ut
881 1860 1088 1911 eminus
1121 1859 1430 1930 navigantes

403 1939 572 2010 magis
597 1952 786 2010 putent
804 1938 1006 1993 nubila.
1027 1964 1049 1987 ι
1096 1938 1261 1992 Albos
1283 1956 1436 1991 mon·

404 2030 484 2071 tes
509 2018 712 2072 Plinius
741 2030 926 2084 vocat,
952 2019 1048 2073 lib.
1069 2019 1234 2081 XVI,
1253 2036 1302 2071 c.
1339 2022 1432 2084 60,

405 2110 460 2151 et
483 2098 579 2154 lib.
601 2098 790 2153 XXXI
807 2139 824 2162 ,
855 2117 976 2170 cap.
1013 2102 1104 2152 26.
1141 2100 1276 2151 Item
1301 2097 1428 2151 Pto-

401 2177 620 2231 lemaeus
633 2216 650 2245 ,
674 2177 772 2232 lib.
789 2180 903 2245 111,
921 2196 1041 2251 cup.
1072 2197 1163 2249 17,
1181 2176 1325 2248 quod
1345 2196 1434 2230 eo-

403 2276 524 2311 rum
541 2260 666 2330 juga
687 2257 902 2311 nivibus
927 2276 1137 2329 semper
1151 2258 1343 2311 albent.
1359 2258 1430 2309 Η.

487 2340 581 2400 43.
609 2338 955 2400 Dic-(rmus,
990 2350 1091 2393 etc.
1124 2337 1431 2408 Dalecamp.

404 2417 645 2469 Dicta-us.
668 2418 774 2471 En.
792 2450 874 2461 —-
899 2415 1052 2470 Idem
1079 2418 1174 2487 qui
1201 2416 1434 2471 Dictoeus

404 2496 736 2550 Callimacho
771 2514 786 2549 :
826 2495 922 2551 sed
951 2496 1010 2550 id
1037 2496 1226 2549 Strabo
1251 2508 1428 2567 negat,

400 2575 500 2630 lib.
526 2576 749 2642 XVIII,
777 2595 898 2648 pag.
927 2583 1058 2648 479.
1090 2576 1434 2646 Dictynnoeum

403 2655 510 2709 hoc
536 2656 658 2710 loco
679 2655 1046 2709 habentMSS.
1071 2649 1306 2708 Pliniani
1321 2673 1434 2708 om-

401 2755 499 2788 nes
515 2771 534 2800 ‚
549 2736 765 2790 Solinus
785 2754 1002 2808 quoque
1031 2747 1082 2787 et
1108 2735 1431 2788 Martianus:

401 2833 600 2868 nomen
639 2833 704 2869 ex
729 2834 792 2869 ea
830 2835 896 2868 re
931 2815 1118 2880 habet,
1160 2813 1310 2886 quod
1338 2813 1436 2867 Di-

407 2907 608 2966 ctynna
629 2891 758 2946 inde
785 2913 868 2958 se,
897 2906 956 2946 ut
977 2893 1165 2956 aiunt,
1189 2893 1434 2966 precipi-

406 2988 516 3028 tem
538 2974 662 3046 egit.
686 2973 970 3027 Ptolemaeo
998 2985 1174 3026 tumen
1198 2973 1322 3027 loco
1341 2975 1431 3027 cit.

405 3056 440 3111 ἡ
467 3055 618 3110 Ain-n
647 3055 754 3126 ὄρος
783 3064 838 3106 et
861 3053 1089 3124 Κόρυκος
1117 3053 1276 3123 ἄκρα,
1314 3071 1435 3124 quin

407 3133 582 3188 nautis
607 3131 771 3186 hodie
799 3133 968 3186 Putate
1003 3132 1058 3184 da‘
1088 3133 1294 3186 Coraca.
1325 3133 1394 3185 H.

491 3220 584 3278 44.
612 3213 838 3267 CXXV
853 3213 1022 3266 mitti«.
1048 3213 1132 3266 Itu
1155 3211 1309 3266 MSS.
1324 3229 1439 3265 om·

407 3311 532 3360 nes,
556 3295 687 3365 Reg.
719 3311 784 3358 x,
813 3311 875 3352 a,
906 3292 1063 3348 Colb.
1097 3290 1436 3357 1‚2‚Paris.

411 3372 593 3426 chiffl.
623 3387 738 3428 tum
767 3372 872 3427 hoc
893 3373 1045 3437 loco,
1079 3383 1196 3424 tum
1230 3371 1328 3424 lib.
1351 3372 1434 3437 V,

411 3471 526 3526 cap.
559 3451 588 3507 ⁵
607 3489 626 3518 ,
655 3453 750 3508 ubi
772 3451 958 3506 eadem
997 3463 1342 3523 repetuntur:
1359 3449 1438 3504 sic

349 3589 356 3599 ¹
411 3533 568 3586 etism
597 3543 818 3587 vetusta
861 3531 1117 3586 editiones
1147 3542 1270 3585 unte
1307 3531 1438 3583 Fro-

411 3613 630 3666 benium
651 3649 668 3679 ,
711 3613 806 3684 qui
831 3612 983 3683 prior
1016 3624 1230 3666 centum
1273 3609 1439 3665 millia

411 3711 666 3763 passuum
707 3691 932 3746 addidit.
987 3691 1166 3764 Atque
1217 3691 1268 3745 ei
1312 3709 1436 3744 sane

411 3771 730 3844 adstipulari
789 3771 1106 3826 Strabonem
1173 3771 1436 3824 intellexi·

414 3871 562 3914 mus,
607 3853 735 3923 qui,
788 3852 930 3905 libro
981 3852 1068 3916 X,
1111 3869 1231 3923 pag.
1281 3850 1429 3920 475,

414 3949 443 3983 a
472 3932 766 4003 Cyrenaica
791 3932 1006 4004 regione
1020 3969 1038 3998 ,
1083 3931 1179 3984 uhi
1225 3931 1439 4001 Phycu-

414 4012 844 4082 promontorium
881 4024 987 4072 est,
1025 4009 1092 4065 sd
1131 4009 1438 4066 Criumeto·

417 4107 554 4160 pon,
579 4093 678 4146 ἀπὸ
697 4095 786 4155 τῆς
804 4089 1200 4164 Κυρηναίας,ᾶπῑ
1216 4092 1274 4143 τὸ
1289 4091 1439 4162 Κρίου

419 4172 646 4239 μέτωπον
663 4211 680 4240 ,
719 4171 1058 4228 intervallum
1105 4170 1182 4225 ait
1221 4187 1334 4224 esse
1375 4188 1443 4223 ex

577 4281 677 4347 II.

1515 1778 1885 1835 Eratosthenis
1925 1784 2181 1838 sententia
2204 1824 2221 1851 ‚
2263 1787 2556 1844 studiorum

1513 1858 1600 1911 bis
1631 1859 1809 1926 mille,
1856 1878 1975 1933 quo
2018 1880 2268 1934 passuum
2314 1868 2557 1925 efficiunt

1515 1956 1618 1991 cus.
1645 1938 1834 1992 millia.
1861 1938 1966 1993 sed
2009 1960 2297 2011 quamnam
2344 1950 2553 2003 Plinius

1516 2018 1774 2090 Agrippa
1811 2021 2123 2075 sententiam
2164 2042 2275 2079 esse
2318 2027 2546 2095 dixerit,

1515 2114 1628 2149 non
1652 2098 1865 2169 qualem
1892 2116 2002 2152 esse
2025 2106 2551 2180 oportuerit‚inqui·

1515 2176 1701 2230 rimus.
1726 2176 1909 2231 Hsnn.
1926 2180 2205 2245 —Qunm
2229 2186 2467 2259 Agrippa
2491 2188 2551 2242 in

1517 2273 1626 2309 suis
1668 2257 1931 2311 mensuris
1961 2258 2029 2310 sit
2070 2277 2343 2319 accuratus
2363 2304 2379 2331 ‚
2404 2281 2551 2322 recte

1515 2335 1821 2389 emendavit
1840 2336 2134 2393 Frobcnius
2159 2342 2377 2397 CCXX
2378 2347 2437 2399 V
2442 2346 2553 2399 mil·

1516 2416 1604 2467 lia.
1628 2416 1800 2468 Tanta
1821 2429 1899 2470 est
1918 2416 2061 2470 enim
2083 2420 2326 2477 locorum
2353 2424 2553 2481 distan-

1515 2494 1606 2547 tia.
1631 2495 1775 2548 Male
1801 2495 1957 2550 MSS.
1988 2496 2076 2551 ed.
2098 2500 2349 2575 princeps
2378 2518 2431 2559 et
2464 2524 2552 2559 re-

1514 2574 1779 2628 centiores
1809 2575 2039 2631 CXXV
2064 2580 2187 2633 mitt.
2227 2581 2551 2640 Promonto-

1513 2655 1659 2707 rium
1680 2655 1923 2726 Phycus,
1952 2675 2099 2710 nunc
2126 2661 2457 2718 Rus-aI-Saem
2471 2686 2493 2728 ,·
2519 2685 2553 2722 ι

1514 2733 1692 2786 nautis
1718 2733 1879 2806 vulgo
1922 2733 2156 2808 dictum,
2180 2739 2227 2792 lc
2256 2761 2348 2812 cap
2374 2744 2551 2799 Rasa&-

1515 2813 1686 2866 Bnor.
1726 2845 1807 2856 —
1836 2814 2015 2868 Dulce.
2042 2835 2257 2891 quoque
2283 2822 2505 2878 CCXX
2506 2826 2565 2878 V

1517 2893 1676 2946 millia
1700 2892 1941 2964 scripsit,
1990 2895 2084 2966 qui
2110 2917 2367 2954 numerus
2395 2905 2550 2958 resti·

1518 2969 1756 3026 tuendus
1775 2972 2007 3026 videtur.
2038 2976 2147 3030 En.

1602 3051 1696 3114 45.
1714 3053 1833 3106 Item
1855 3052 2075 3108 Cadisto.
2090 3056 2149 3108 A
2163 3057 2350 3114 Malea.
2370 3062 2550 3119 Dulce.

1519 3136 1630 3186 item
1666 3130 1875 3184 Cads‘seo
1896 3151 1929 3183 a
1957 3133 2141 3189 Malea.
2176 3138 2284 3192 En.

1602 3213 1697 3274 46.
1722 3211 1959 3265 LXXV.
1981 3213 2289 3288 Dalecamp.
2305 3219 2547 3277 LXXX.

1520 3289 1701 3345 Chim.
1736 3291 1915 3344 LXX.
1938 3291 2045 3346 En.

1605 3376 1699 3440 47.
1726 3371 1788 3424 In
1818 3371 2103 3427 Favonium.
2147 3375 2405 3432 Occasum
2436 3399 2553 3435 ver-

1520 3468 1638 3516 sus,
1660 3448 1870 3522 inquit,
1897 3470 1929 3505 a
1956 3451 2226 3524 Carpatho
2268 3459 2427 3513 Creta
2464 3481 2553 3516 re·

1518 3527 1694 3594 cedit,
1726 3549 1795 3583 nx
1822 3531 2059 3586 millibus
2092 3553 2364 3605 passuum.
2402 3540 2471 3594 H.

1603 3613 1697 3673 48.
1727 3609 1954 3683 Coryco·
1979 3645 1993 3659 ·
2018 3646 2034 3661 .
2059 3613 2234 3686 Mylae.
2262 3618 2555 3675 Dehiscn-

1519 3690 1621 3743 teri
1661 3689 1948 3762 scriptores
1987 3692 2159 3748 silent.
2194 3695 2417 3770 Scopuli
2458 3719 2554 3755 ve-

1517 3767 1661 3834 rius,
1703 3788 1865 3841 quam
1892 3771 2098 3827 insulae.
2126 3772 2311 3830 Hsnn.

1605 3855 1634 3912 4
1643 3868 1699 3918 9.
1739 3850 1925 3904 Contra
1955 3851 2243 3915 Cydoniam.
2287 3853 2411 3911 Sive
2444 3859 2554 3933 Cy·

1523 3927 1753 3994 donem,
1774 3927 1843 3985 de
1867 3949 1972 4003 qua
1999 3933 2162 4003 paulo
2183 3948 2319 3990 unte.
2346 3935 2485 3994 Nam
2503 3953 2557 3995 et

1526 4007 1771 4079 Cydonia
1795 4010 1995 4066 Latinis
2022 4010 2292 4068 interdum
2307 4054 2324 4082 ‚
2363 4030 2426 4070 ut
2456 4020 2555 4074 So·

1528 4087 1673 4142 lino:
1696 4087 1895 4144 Grecis
1935 4107 2147 4165 semper
2170 4105 2249 4148 est
2274 4097 2556 4170 appellata.

1531 4169 1654 4238 Ipss
1678 4185 1809 4224 vero
1852 4170 2029 4226 Iaeuce
2068 4169 2233 4227 hodie
2258 4187 2337 4230 est
2362 4175 2558 4250 Scoqie'o

2199 4307 2293 4352 20
