3300 5175
814 580 957 663 124

1334 581 1411 648 C.
1468 580 1814 650 PLINII
1867 581 2089 648 NAT.
2146 578 2402 646 HIST.

735 720 767 773 3
804 711 986 778 vium
998 706 1047 748 ¹⁹
1085 733 1549 799 romanorum,
1578 714 1694 807 qni
1730 711 2114 782 Mamertini
2166 723 2512 779 vocantur.
2546 709 2939 779 Promonto-

800 818 976 884 rium
1012 816 1470 912 Drepanum²⁰
1518 843 1535 886 :

802 921 1029 992 Naxos
1046 920 1132 1006 ²³,
1174 923 1424 994 flumen
1459 925 1692 994 Asines
1712 909 1760 950 ²³
1799 941 1816 984 ἔ
1847 949 2040 994 mons
2064 920 2296 992 AEtna²

874 1104 958 1154 19.
986 1090 1166 1140 Civium
1192 1094 1330 1144 Rom.
1370 1091 1497 1143 Jure
1535 1091 1760 1144 civitatis
1790 1110 1819 1144 a

798 1178 981 1218 senatu
1012 1165 1285 1219 donatum.
1321 1173 1547 1220 Messine.
1584 1170 1784 1224 Incolis
1803 1209 1819 1234 ‚

800 1247 1021 1296 uescina
1037 1247 1153 1298 οίεεὰ
1173 1250 1347 1299 nobile.
1361 1249 1581 1302 Nummi
1600 1250 1822 1322 Veteres

798 1325 900 1378 sub
924 1329 1165 1396 Augusto
1192 1327 1339 1390 cusi,
1372 1344 1700 1397 mennon,
1740 1329 1842 1388 la-.

798 1401 921 1454 tinis
961 1404 1146 1476 scripti
1187 1405 1607 1468 characteribus,
1661 1420 1719 1459 ut
1763 1427 1820 1461 se

792 1481 935 1534 cives
969 1501 1215 1536 romanos
1240 1484 1431 1537 incolas
1458 1497 1816 1552 testarentur3

793 1579 958 1632 seque
980 1581 1011 1614 a
1036 1563 1309 1618 Messeniis
1332 1565 1681 1636 Peloponnesi
1709 1565 1818 1619 dis·-

792 1640 1149 1695 criminarent.
1163 1643 1455 1704 cuniculus
1468 1643 1525 1696 in
1538 1663 1600 1696 ea
1612 1645 1816 1698 nummi

796 1731 947 1788 parte
986 1721 1255 1791 sonitans,
1295 1723 1658 1776 cuniculossm
1699 1742 1818 1776 eam

796 1796 985 1860 fuisse,
1036 1799 1120 1853 vel
1174 1819 1286 1854 esse
1321 1803 1589 1872 regionem
1647 1801 1819 1855 docet.

796 1876 918 1929 Fuit
953 1879 1041 1932 hic
1063 1898 1315 1934 nummus
1352 1893 1633 1952 argenteus
1669 1882 1817 1954 apud

796 1959 863 2010 D.
891 1975 964 2010 ns
984 1958 1141 2012 Bou.
1161 1957 1343 2014 Hann.
1556 2011 1563 2016 .

874 2056 957 2090 3ο.
1004 2043 1303 2106 Drepanum.
1359 2040 1517 2094 Nunc
1530 2078 1547 2101 ,
1598 2051 1660 2093 ut
1698 2040 1818 2093 vult

796 2113 1136 2181 narduinus,
1168 2130 1219 2172 et
1246 2119 1533 2172 confirmat
1566 2120 1818 2174 Manner·

796 2205 911 2262 tus,
944 2217 1067 2266 capo
1103 2202 1159 2250 di
1187 2205 1236 2252 S.
1284 2201 1473 2251 Alem'o
1515 2218 1546 2253 a
1572 2199 1818 2270 proximo

794 2273 847 2326 S.
890 2275 1055 2328 Alexin·
1104 2279 1337 2331 castello.
1385 2280 1505 2332 Non
1552 2296 1712 2333 vero.
1758 2289 1816 2332 ut

794 2351 1105 2409 Harduinus
1128 2357 1301 2419 addit,
1320 2357 1459 2411 idem
1478 2356 1625 2428 quod
1648 2357 1818 2410 Ptole-

796 2449 931 2486 maeo
954 2424 1186 2508 Ᾰργιννον
1224 2438 1401 2504 ἄκρον,
1432 2435 1617 2502 hodie,
1654 2449 1714 2488 ut
1743 2439 1817 2490 ait

793 2511 1260 2584 Mannertus,capo
1276 2520 1455 2566 Grosso
1474 2514 1692 2568 dictum.
1713 2516 1813 2570 En.

868 2612 949 2646 31.
996 2595 1197 2647 Colonia
1230 2597 1621 2647 Tauromenium.
1659 2597 1815 2649 Nunc

798 2667 1077 2729 Taomini.'
1108 2676 1195 2727 lbi
1242 2674 1419 2729 adhuc
1465 2675 1647 2727 visitur
1681 2676 1817 2729 anti-

791 2770 956 2823 quum
980 2758 1097 2827 ejus
1120 2756 1384 2809 theatrum
1400 2793 1415 2819 ‚
1438 2756 1493 2809 in
1507 2774 1615 2827 quo
1630 2774 1811 2825 scena,

793 2849 912 2902 qun
946 2832 1003 2885 in
1031 2835 1233 2888 ceteris
1252 2836 1502 2887 omnibus
1524 2835 1673 2888 deest
1687 2872 1705 2899 ,
1727 2854 1813 2889 ex·

790 2922 893 2963 stat
930 2912 1155 2985 integra.
1190 2913 1327 2967 Inde
1353 2927 1501 2985 patet
1531 2933 1694 2985 quam
1721 2934 1813 2967 cu·-

786 2988 987 3043 riosum
1012 2993 1079 3045 sit
1097 2992 1257 3063 hujus
1279 2992 1603 3064 antiquitatis
1622 3011 1814 3045 monu-

785 3082 1048 3123 mentum.
1070 3071 1240 3124 Bnor.

860 3166 947 3201 33.
976 3156 1141 3201 Antea
1168 3154 1369 3203 Naxos.
1396 3151 1561 3205 Solin.
1602 3170 1720 3224 cap.
1749 3173 1811 3217 v,

783 3244 905 3298 pag.
932 3244 1009 3295 19.
1030 3228 1198 3280 Etiam
1222 3230 1523 3282 Antoninus
1545 3231 1604 3283 in
1624 3232 1809 3284 Itiner.

784 3306 861 3358 Ta
871 3307 1205 3360 uromenium
1217 3309 1401 3361 Naxon
1419 3321 1592 3363 vocat.
1604 3311 1807 3381 Nempe

783 3384 929 3437 Naxo
948 3386 1141 3449 excisa,
1168 3388 1586 3441 Tauromenium
1605 3409 1809 3443 succes-

781 3463 873 3525 sit,
896 3482 1005 3535 quo
1027 3464 1240 3519 deducti
1268 3479 1391 3519 sunt
1416 3467 1571 3521 Nnxii
1585 3508 1602 3533 ‚
1633 3478 1694 3521 ut
1714 3487 1808 3522 au-

780 3556 900 3596 ctor
919 3556 995 3597 est
1026 3544 1182 3599 Diod.
1218 3546 1325 3601 Sic.
1353 3546 1489 3599 Bibl.
1514 3546 1611 3601 lib.
1639 3549 1802 3615 xlv,

779 3642 900 3696 pag.
937 3624 1065 3690 383,
1102 3637 1156 3677 et
1190 3624 1286 3677 lib.
1314 3626 1482 3689 XVI,
1521 3644 1638 3699 pag.
1676 3632 1798 3689 411.

782 3702 981 3756 Gracia
1006 3706 1336 3775 Ταυρομένιον.
1366 3705 1629 3757 Nummus
1654 3705 1800 3758 Grae·

776 3800 871 3835 cus
892 3802 921 3835 e
940 3784 1126 3837 Museo
1148 3795 1329 3836 nostro
1348 3782 1653 3851 parisiensi,
1671 3803 1802 3837 ru*-

778 3880 1106 3915 mmm-nn.
1130 3862 1311 3916 ΒΑΜ).

849 3942 936 3994 33.
977 3945 1171 3993 Asines.
1214 3940 1439 3995 Fluvius
1478 3942 1593 4005 ille,
1632 3960 1794 4014 quem

772 4020 1191 4073 Tauromenium
1210 4018 1348 4073 inter
1374 4031 1425 4073 et
1449 4022 1666 4074 AEtnnm
1693 4042 1794 4094 po-

771 4098 849 4150 nit
882 4100 1096 4165 Noster,
1124 4098 1263 4152 idem
1300 4118 1415 4153 esse
1444 4100 1676 4169 videtur,
1699 4105 1792 4176 qui

768 4176 839 4229 nh
860 4178 975 4234 aliis
1006 4178 1247 4233 Onobnla
1264 4218 1279 4243 ,
1314 4177 1477 4234 hodie
1514 4184 1790 4235 Alcaneara

1580 817 1842 889 colonia
1873 818 2389 886 Tauromenium
2410 813 2496 897 ²⁸,
2537 840 2683 909 quae
2737 830 2934 885 antea

2302 909 2326 954 ⁴
2355 923 2698 991 nocturnis
2723 925 2932 992 mirus

1908 1101 2154 1155 vocatum
2179 1088 2280 1142 nisi
2307 1099 2480 1142 tamen
2519 1087 2673 1140 illum
2701 1088 2930 1140 confun-

1907 1167 1996 1222 dat
2019 1168 2209 1222 Noster
2235 1186 2357 1224 cum
2383 1165 2608 1218 flumine
2633 1165 2728 1218 Aci
2743 1202 2758 1226 ‚
2780 1163 2930 1238 quod

1907 1255 2112 1304 Cttsnn
2148 1247 2317 1300 multo
2357 1245 2584 1298 vicinius
2621 1246 2737 1298 fuit.
2773 1247 2932 1298 Certe

1907 1328 2062 1400 longe
2079 1327 2208 1379 alius
2227 1325 2416 1378 fluvius
2433 1324 2521 1376 hie
2533 1323 2716 1376 Asines
2734 1343 2797 1378 ac
2815 1325 2927 1390 ille,

1905 1425 2066 1478 quem
2091 1397 2317 1475 Ᾰσίναρον
2334 1405 2551 1473 ποταμὸν
2571 1418 2763 1457 vocant
2779 1403 2931 1457 Thu-

1903 1485 2026 1558 cyd.
2047 1485 2136 1537 lib.
2164 1485 2300 1546 vn,
2319 1501 2437 1556 pag.
2472 1481 2600 1546 554,
2625 1496 2679 1535 et
2704 1481 2843 1536 Plut.
2869 1483 2928 1533 in

1903 1565 2053 1618 Nicia
2072 1603 2088 1628 ‚
2125 1583 2242 1634 pag.
2274 1563 2372 1624 541
2391 1599 2408 1622 ,
2447 1571 2498 1614 et
2527 1579 2762 1632 quocum
2785 1561 2929 1614 male

1901 1643 2252 1697 confunditur
2265 1643 2333 1694 ab
2353 1639 2658 1692 Harduino:
2681 1639 2769 1692 hic
2785 1640 2928 1692 enim

1901 1723 2152 1775 Asinarus
2212 1719 2409 1773 flumen
2457 1717 2619 1772 hodie
2663 1721 2826 1788 fiume
2873 1721 2932 1771 da·

1903 1807 2034 1855 Noto
2051 1813 2156 1866 est,
2181 1799 2330 1854 haud
2347 1801 2502 1870 longe
2527 1799 2596 1851 ab
2613 1800 2748 1852 urbe
2763 1803 2894 1851 Noto
2907 1835 2926 1862 ‚

1903 1893 2119 1934 auctore
2145 1882 2444 1934 Mannerto.
2469 1879 2572 1931 Eu.

1977 1969 2058 2024 34.
2091 1965 2260 2012 AEena.
2285 1965 2440 2011 Mutet·
2465 1961 2617 2010 (3:301.
2645 1957 2830 2010 Hsnn.
2851 1987 2928 1998 --

1903 2040 1984 2094 CI.
2007 2040 2294 2094 Hammon
2319 2037 2406 2090 die
2443 2040 2508 2090 36
2539 2036 2735 2090 mensis
2746 2035 2886 2107 junii
2907 2073 2927 2100 ,

1899 2139 2042 2172 anno
2102 2123 2236 2190 1769
2256 2158 2272 2183 ‚
2311 2119 2528 2170 AEtnam
2577 2116 2886 2170 conscendit
2909 2153 2930 2181 ,

1901 2195 2155 2254 craterem
2197 2201 2310 2272 ejus
2347 2197 2627 2269 diligenter
2665 2197 2886 2266 inspexit
2907 2235 2926 2261 ,

1900 2281 2120 2351 ejusque
2143 2279 2402 2331 ambitum
2423 2278 2697 2330 aestimavit
2713 2295 2928 2348 quoqne

1901 2358 2113 2412 duobus
2139 2357 2376 2410 millibus
2411 2369 2462 2409 et
2482 2357 2784 2429 quingentis
2805 2375 2927 2428 pas-

1900 2438 2062 2490 sibus.
2077 2437 2258 2490 Conus
2277 2449 2354 2490 est
2373 2454 2639 2489 concavus
2659 2436 2926 2499 inversus,

1899 2518 2039 2570 intus
2087 2530 2264 2570 crusta
2317 2515 2486 2568 salina
2530 2526 2580 2567 et
2631 2514 2924 2582 sulphurea

1897 2598 2148 2660 vestitus,
2183 2597 2276 2669 qui
2324 2596 2516 2649 sensim
2547 2595 2830 2655 decrescit,
2868 2606 2923 2649 et

1899 2677 2068 2731 ferme
2089 2678 2142 2729 in
2179 2688 2436 2748 punctum
2466 2676 2677 2729 desinit.
2705 2674 2928 2729 Audivit

1897 2776 1928 2809 a
1948 2758 2028 2812 Cl.
2053 2759 2310 2816 Ratun,
2337 2756 2432 2826 qui
2457 2758 2630 2808 AEtnn
2649 2754 2920 2807 historiam

1896 2837 2188 2900 scribebat,
2225 2835 2423 2887 montis
2449 2832 2783 2887 altitudinem
2823 2852 2922 2904 per

1895 2914 2241 2987 pendiculum
2259 2932 2370 2967 esse
2399 2914 2558 2965 trium
2579 2912 2802 2965 millium
2819 2914 2921 2965 ltn-

1894 2994 2141 3047 licorum.
2162 2994 2373 3045 Dieiua
2395 2996 2460 3045 36
2480 2992 2620 3063 junii
2639 2992 2694 3045 in
2711 3010 2919 3044 summo

1893 3084 2098 3125 cratere
2145 3072 2510 3125 berometrum
2541 3072 2752 3124 notabat
2797 3089 2918 3141 gra-

1897 3150 1996 3205 dus
2031 3152 2130 3217 18,
2163 3150 2326 3203 lineas
2359 3168 2444 3215 to;
2487 3150 2544 3202 in
2593 3151 2702 3201 imo
2741 3161 2918 3203 monte

1895 3228 2089 3301 gradus
2125 3248 2219 3299 37,
2258 3230 2427 3282 lineas
2466 3235 2520 3291 4.
2560 3228 2915 3282 Thermeme-

1894 3321 2038 3361 trum
2067 3328 2194 3361 vero
2214 3346 2229 3372 ‚
2257 3308 2314 3360 in
2341 3326 2550 3360 summo
2571 3322 2774 3361 cratere
2795 3326 2916 3379 gra·

1894 3386 1992 3441 dus
2017 3393 2117 3451 36,
2137 3388 2194 3440 in
2219 3388 2332 3440 imo
2365 3402 2550 3441 monte
2583 3387 2780 3459 gradus
2827 3396 2914 3452 34.

1894 3467 2048 3521 Vidit
2077 3468 2150 3520 ibi
2175 3481 2354 3521 ortum
2389 3468 2513 3521 solis
2539 3480 2593 3521 et
2619 3468 2914 3539 patentissi-

1893 3560 2422 3620 tnumprospectum.
2457 3546 2608 3601 Vidit
2630 3548 2914 3601 maximam

1889 3640 2089 3697 partem
2131 3628 2417 3692 calabriae,
2473 3640 2642 3681 totam
2687 3626 2913 3680 insulam

1887 3706 2106 3771 Siciliae,
2131 3707 2333 3760 insulas
2363 3710 2529 3775 Lipari
2556 3719 2609 3759 et
2627 3710 2910 3773 Strambai,

1886 3784 2010 3837 licet
2049 3785 2276 3857 amplius
2311 3785 2638 3857 septuaginta
2675 3784 2910 3839 millibus

1885 3862 2098 3919 distent.
2163 3867 2230 3917 In
2285 3866 2675 3918 accuratissima
2729 3864 2912 3917 tabula

1883 3944 2234 4017 geographica
2297 3944 2570 3997 dimensus
2630 3943 2864 4015 spatium
2890 3980 2908 4006 ,

1881 4022 2026 4093 quod
2051 4024 2160 4076 suis
2183 4022 2353 4076 oculis
2371 4036 2486 4075 tum
2505 4022 2908 4083 obversabatur,

1881 4103 2084 4174 reperit
2111 4102 2269 4167 huius
2306 4115 2614 4173 prospectus
2641 4101 2906 4155 ambitum

1879 4200 1991 4235 esse
2000 4193 2391 4252 nongentorum
2404 4181 2628 4235 millium
2637 4198 2906 4254 passuum,
