3300 5175
1138 575 1450 647 LIBER
1503 578 1629 645 lv.

379 708 510 777 rini
557 697 630 795 ¹³,

376 828 662 884 vocatur
714 840 730 882 τ

701 704 1136 777 Oromansaci
1179 696 1227 740 ¹⁴

377 1024 489 1058 non
515 1004 690 1058 Plinio
715 1002 907 1069 modo,
933 1003 1026 1058 sed
1067 1004 1224 1058 etiam
1256 1004 1397 1057 Stra-

376 1084 542 1148 boni,
574 1085 668 1137 lib.
687 1086 786 1146 IV,
815 1103 932 1155 pag.
982 1090 1125 1153 194:
1155 1088 1256 1145 τοῖς
1289 1090 1398 1137 Μι·

377 1164 568 1225 veterion<
581 1160 634 1215 δ’
651 1163 744 1215 εἰσὶ
770 1168 982 1232 συνεχεῖς
1001 1166 1082 1217 ἐπὶ
1101 1170 1164 1233 τῇ
1176 1164 1398 1232 θαλάττῃ

379 1243 598 1315 Μορῖνοι.
626 1243 840 1296 Tacitus
867 1262 1081 1315 quoque
1097 1286 1114 1310 ,
1147 1243 1280 1297 Hist.
1302 1244 1397 1297 lib.

377 1322 482 1387 lv,
512 1341 631 1395 pag.
664 1328 737 1391 94
765 1343 782 1381 z
810 1349 831 1370 ι
856 1325 899 1375 A
921 1323 1107 1377 Rheno
1130 1324 1399 1377 venientes

379 1403 602 1455 transire
617 1400 822 1455 Mosam
845 1403 1021 1472 jubet,
1039 1416 1097 1455 ut
1127 1404 1403 1475 Menapios

379 1496 434 1534 et
459 1482 726 1543 Morinos,
753 1494 806 1535 et
845 1494 1076 1535 extrema
1106 1483 1399 1537 Galliarum

377 1574 716 1632 quaterem.-
745 1562 928 1616 Ilum.
950 1593 1031 1607 -—-
1049 1562 1175 1615 Illos
1200 1563 1399 1629 Caesar,

375 1638 472 1693 lib.
505 1640 605 1705 IV,
624 1638 845 1695 diversis
866 1642 1022 1706 locis,
1044 1655 1158 1695 tum
1176 1642 1401 1696 Morinis

371 1720 597 1791 jungere
636 1718 876 1787 videtur,
906 1734 1020 1773 tum
1052 1721 1118 1775 ad
1153 1723 1400 1777 Rhenum

379 1816 610 1868 ponere,
633 1818 826 1870 quum,
853 1820 967 1872 cap.
1005 1808 1037 1865 4
1061 1821 1075 1854 :
1101 1827 1122 1847 ·
1141 1803 1402 1873 Usipates,

379 1878 482 1943 ait,
509 1890 561 1930 et
581 1878 901 1933 Tenchtheri
922 1879 990 1933 ad
1017 1882 1262 1934 Rhenum
1279 1901 1402 1953 per-

2351 574 2489 645 361

1304 708 1518 801 juncti
1605 728 1815 799 pago,
1902 704 2016 799 qui
2078 706 2504 777 Gessoriacus

793 815 1089 883 Britanni
1125 801 1204 901 ¹⁵,
1266 802 1680 899 Ambiani¹⁶‚
1762 808 2093 880 Bellovaci
2124 812 2193 880 ¹⁷.
2258 816 2505 883 Intror-

1483 1002 1861 1066 Gesoriacum,
1892 1013 1954 1055 ut
1979 1001 2209 1057 vidimus
2238 1023 2355 1074 sup.
2389 1024 2505 1077 cap.

1482 1082 1735 1151 Boulogne
1758 1082 1969 1152 (de'part.
1989 1082 2057 1137 du
2074 1084 2283 1137 Pas-de·
2292 1083 2505 1144 Calais).

1483 1159 1667 1211 Ηιιιι).
1691 1171 1743 1211 et
1768 1158 1869 1211 En.

1571 1260 1592 1293 1
1607 1247 1660 1304 4.
1676 1242 2011 1294 Oromausaca'.
2025 1242 2507 1315 Oromarsaci‚quod

1484 1339 1515 1373 a
1539 1320 1693 1373 MSS·
1720 1319 1878 1374 datur
1895 1360 1910 1385 ,
1934 1322 2105 1391 legere
2136 1323 2315 1375 mallet
2339 1322 2507 1375 n'An-

1481 1419 1646 1453 vum
1664 1439 1679 1463 ‚
1701 1401 1795 1471 qui
1821 1420 1911 1453 eos
1926 1400 2065 1453 inter
2081 1403 2241 1455 urbes
2268 1402 2437 1455 Calais
2453 1416 2509 1457 et

1489 1480 1771 1533 Gravele‘nes
1830 1480 2089 1535 habitasse
2146 1494 2295 1552 putat
2315 1524 2331 1546 ‚
2388 1483 2507 1537 loco

1486 1562 1788 1613 etiamnunc
1833 1571 1954 1612 terre
1983 1562 2043 1613 de
2072 1562 2245 1614 Mae-ck
2267 1602 2282 1627 ,
2314 1582 2409 1615 seu
2447 1564 2508 1614 de

1485 1640 1626 1693 Mer-k
1640 1678 1657 1705 ,
1680 1654 1869 1694 vocato
1884 1680 1900 1705 ,
1920 1640 2066 1694 haud
2088 1642 2243 1712 longe
2260 1661 2290 1695 a
2320 1642 2509 1695 Gesso-

1485 1720 1662 1785 riaco,
1686 1719 1754 1773 de
1780 1739 1889 1792 quo
1938 1739 2061 1773 mox
2082 1740 2261 1791 supra.
2292 1720 2395 1773 En.
2428 1752 2509 1765 —-

1487 1798 1675 1854 Audax
1697 1803 2001 1871 conjectura
2026 1802 2169 1854 illius
2207 1801 2301 1871 qui
2332 1802 2511 1873 legen-

1487 1878 1618 1932 dum
1659 1880 2049 1951 suspicabatur,
2085 1882 2333 1933 Promeae.
2362 1882 2509 1946 Ισσίἱ,

379 1970 639 2011 venerunt
659 1996 675 2022 ,
720 1976 849 2029 quas
876 1960 1120 2031 regiones
1166 1962 1404 2034 Menapii
1476 1962 1697 2029 junctum
1712 1979 1876 2029 pago,
1902 1973 1999 2013 etc.
2026 1959 2211 2012 Hann.
2241 1970 2293 2009 et
2328 1958 2428 2011 En.

380 2035 681 2089 incolebant
696 2076 714 2103 ,
735 2050 817 2103 et,
841 2037 910 2091 ad
937 2052 1214 2112 utramque
1233 2042 1402 2111 ripam

381 2114 618 2178 fluminis
630 2156 648 2183 ,
667 2136 818 2189 agros
835 2150 852 2179 ,
885 2118 1107 2173 aedificia
1119 2160 1136 2183 ‚
1151 2122 1403 2192 vicosque

379 2194 666 2249 habebant.
684 2221 706 2241 ι
731 2196 802 2249 Et
815 2197 871 2249 in
891 2198 995 2251 hoc
1013 2200 1168 2252 etiam
1185 2200 1401 2253 Strabo-

380 2293 504 2327 nem
521 2274 691 2345 ipsum
706 2276 897 2329 Caesari
919 2279 1160 2331 assentiri
1171 2279 1404 2333 animad-

379 2354 542 2406 vertit
561 2354 946 2409 eruditissimus
962 2358 1070 2423 vir,
1093 2359 1310 2413 Bmmi'z
1324 2378 1404 2414 nn

381 2434 640 2497 Roaiam,
679 2435 736 2487 in
775 2434 994 2490 Caesaris
1023 2438 1191 2491 nostri
1219 2438 1402 2493 Indice

379 2514 765 2585 geographico,
807 2534 970 2585 quem
1015 2515 1158 2571 vide.
1206 2519 1285 2570 Ex
1321 2520 1404 2572 his

381 2593 631 2646 omnihus
647 2593 748 2647 hoc
771 2595 903 2647 mihi
918 2611 1156 2650 constare
1169 2597 1402 2665 videtur,

379 2691 574 2743 nempe
599 2675 876 2745 Menapios
913 2676 1182 2747 quondam
1209 2679 1264 2730 in
1285 2699 1403 2732 om·

380 2752 541 2806 nibus
583 2753 914 2822 regionibus,
962 2775 1079 2826 quae
1130 2755 1404 2812 Oceanum

380 2831 520 2884 inter
547 2843 599 2884 et
625 2833 869 2886 Rhenum
888 2837 1084 2905 jacent,
1103 2835 1406 2892 dominatos

385 2909 574 2976 fuisse,
597 2923 651 2963 et
680 2931 710 2964 a
733 2913 1010 2968 Germanis
1035 2917 1248 2987 populis
1263 2957 1278 2981 ‚
1293 2919 1402 2972 To·

383 2989 602 3044 xandris
641 2991 843 3046 scilicet
882 2993 1100 3066 aliisque
1117 3035 1134 3060 ,
1163 3015 1194 3048 a
1216 2997 1404 3050 Rheno

385 3068 454 3128 ‚ad
485 3088 629 3122 mare
651 3069 889 3135 adactos,
912 3074 968 3126 in
999 3088 1058 3128 ea
1088 3073 1300 3128 tandem
1317 3095 1404 3128 re-

384 3150 542 3220 gione
585 3151 1010 3224 circumscriptos
1060 3154 1248 3220 fuisse,
1289 3173 1408 3226 quae

385 3227 547 3282 hodie
561 3229 614 3281 F
609 3230 777 3284 lande-e
789 3234 1078 3286 occidentale
1090 3235 1407 3306 appellatur.

387 3306 516 3363 vid.
533 3310 842 3366 n’AxvuLx
854 3351 870 3376 ,
888 3313 1061 3366 Noeice
1080 3315 1141 3365 de
1162 3315 1212 3366 la
1230 3314 1410 3382 Gaule,

385 3390 551 3448 yerbo
575 3389 852 3446 mmm.
881 3392 984 3447 En.

471 3488 494 3522 ι
507 3469 558 3522 3.
590 3471 790 3523 Morini.
820 3473 1129 3548 Extremique
1174 3475 1409 3528 hominum

387 3549 572 3610 Morini
591 3550 818 3622 Virgilio
839 3555 1106 3624 appellati.
1127 3555 1204 3608 Ut
1218 3557 1410 3608 Armo-

385 3629 514 3696 rici‚
550 3629 623 3682 ita
663 3644 716 3684 et
753 3632 955 3687 Morini
993 3653 1024 3688 a
1071 3653 1202 3688 voce
1227 3633 1412 3688 celtica

388 3709 536 3775 Mor,
576 3728 694 3782 qun
741 3729 886 3765 mare
930 3713 1187 3786 significat
1202 3755 1219 3780 ,
1262 3715 1411 3785 qnasi

387 3788 674 3852 Maritimi,
709 3809 908 3844 nomen
935 3793 1185 3848 habuere.
1227 3793 1411 3846 Mena-

387 3867 520 3946 piis,
543 3882 602 3922 ut
622 3867 854 3924 vidimus
869 3912 885 3935 ,
911 3874 977 3925 ab
996 3887 1118 3926 ortu
1143 3873 1407 3927 confines:

391 3947 669 4010 Ambianis
683 3987 700 4014 ‚
712 3951 778 4003 ab
791 3970 979 4006 occasu
991 3991 1008 4018 ,
1023 3952 1170 4025 apud
1185 3954 1410 4007 Ptolem.

391 4027 482 4080 lib.
528 4029 584 4082 11
612 4069 628 4094 ‚
672 4047 789 4101 cap.
824 4050 856 4101 9
873 4072 890 4098 ,
941 4035 1032 4103 qui
1073 4033 1409 4087 Morinorum

393 4106 652 4164 civitatem
681 4109 1116 4166 mediterraneam
1143 4114 1219 4166 ait
1248 4113 1410 4166 fuisse

395 4189 698 4257 Ταροὺαννοιν
715 4229 733 4258 ,
751 4191 880 4246 olim
909 4193 1188 4246 Te'muane:
1211 4192 1412 4256 navale,

1577 2058 1596 2091 ι
1611 2039 1639 2093 5
1649 2080 1663 2091 .
1684 2040 1927 2093 Britanni.
1942 2040 2091 2105 Quos
2106 2040 2160 2091 in
2186 2040 2355 2093 Gallia
2370 2042 2511 2093 solus

1487 2132 1749 2172 memorat
1778 2120 1983 2171 Noster.
2022 2121 2104 2171 An
2133 2120 2511 2173 Britannorum

1487 2197 1685 2249 fuerint
1714 2198 1923 2251 colonia
1962 2199 2227 2251 incertum
2245 2235 2262 2260 ‚
2292 2218 2401 2251 non
2435 2214 2511 2252 ta·

1487 2293 1607 2329 men
1635 2275 1927 2329 absurdum
1969 2278 2263 2331 existimare
2301 2277 2512 2332 videtur

1486 2353 1869 2409 eruditissimus
1907 2357 1991 2409 vir
2029 2358 2371 2421 nunnus,
2419 2358 2513 2429 qui

1487 2452 1578 2487 eos
1595 2436 1748 2504 ponit
1768 2436 1823 2487 in
1846 2435 2183 2489 meridionali
2200 2438 2318 2507 ripa
2345 2439 2514 2490 amnis

1485 2512 1647 2566 hodie
1677 2515 1852 2568 vocati
1880 2516 1931 2567 Ia
1964 2515 2157 2568 Canclae
2182 2516 2415 2587 (defiat-t.
2446 2518 2514 2569 du

1486 2595 1693 2646 Pas-de·
1701 2593 1895 2652 Calais)
1905 2637 1917 2650 .
1936 2596 2214 2650 Cluverius
2228 2636 2243 2662 ,
2258 2597 2511 2650 German.

1487 2675 1650 2745 antiq.
1674 2674 1770 2727 lib.
1798 2674 1901 2739 IV,
1943 2693 1990 2728 c.
2027 2695 2120 2746 27,
2146 2677 2237 2730 hic
2270 2678 2512 2730 Briannos

1488 2753 1590 2824 legi
1614 2755 1834 2808 mavult.
1862 2753 1969 2806 En.

1573 2853 1596 2886 1
1609 2837 1663 2886 6.
1684 2833 1934 2888 Ambiani.
1950 2835 2115 2906 Aquis
2129 2836 2372 2890 Somonn
2384 2839 2513 2890 clari

1485 2913 1657 2966 amnis
1698 2915 1987 2967 abluuntur
2026 2934 2040 2968 τ
2079 2916 2277 2968 hahent
2314 2915 2515 2988 oppida

1487 2993 1712 3059 Amicus,
1738 2994 1991 3048 Abben'lle
2016 2995 2365 3064 (department
2387 2997 2447 3048 de
2464 2998 2515 3048 la

1489 3072 1723 3132 Summe).
1760 3072 1943 3124 liano.
1973 3083 2027 3122 et
2046 3072 2148 3124 En.
2212 3101 2219 3116 ·
2526 3116 2533 3124 .

1581 3171 1670 3222 17.
1700 3153 1961 3205 Bellovaci.
1992 3152 2055 3205 In
2082 3152 2209 3206 Edit
2245 3155 2513 3208 Parmeno.

1497 3231 1767 3296 Bellovaci,
1794 3232 1957 3284 Bassi.
1987 3231 2285 3286 Frobenius
2302 3272 2318 3297 ,
2349 3235 2515 3287 Bello·

1499 3315 1626 3374 vaci,
1659 3312 1831 3364 Hasu'.
1854 3311 2007 3365 MSS.
2034 3314 2159 3382 neg.
2194 3332 2217 3366 1
2236 3350 2251 3373 ,
2269 3313 2519 3366 Bouomi

1497 3403 1720 3444 tantum.
1750 3393 1880 3462 Reg.
1912 3409 1939 3442 a
1959 3428 1975 3452 ,
2007 3392 2163 3448 Colb.
2192 3409 2243 3460 1,
2268 3412 2318 3458 a,
2347 3394 2514 3449 Paris.

1497 3470 1733 3525 Chifflet.
1762 3471 2022 3524 Bellohasi.
2050 3472 2233 3525 Ham).
2256 3502 2335 3516 —-
2353 3472 2520 3528 Addit

1496 3550 1833 3605 Harduinns:
1855 3551 2101 3604 Bellovaci
2124 3552 2295 3605 solum
2322 3554 2519 3606 exscri-

1496 3631 1733 3702 psimus,
1768 3645 2030 3702 expuncta
2055 3650 2184 3686 voce
2224 3632 2397 3696 Bassi,
2431 3634 2517 3686 vel

1496 3711 1675 3778 Hassi,
1698 3730 1831 3783 quos
1850 3712 1907 3764 in
1940 3711 2043 3763 hoc
2069 3722 2327 3764 terrarum
2350 3724 2518 3764 tractu

1496 3790 1675 3844 nullus
1704 3791 1955 3862 agnoscit.
1977 3789 2309 3844 Harduinum
2342 3805 2518 3844 antem

1497 3871 1841 3941 reprehendit
1864 3870 2203 3933 ῦἈιτνῐιιι,
2245 3870 2421 3923 Norico
2458 3869 2520 3922 de

1499 3952 1550 4004 la
1582 3950 1771 4016 Caede,
1803 3969 1917 4022 pag.
1942 3950 2053 4004 363
2073 3988 2088 4014 ,
2120 3951 2295 4002 locum
2322 3969 2433 4004 esse
2461 3952 2518 4002 in

1497 4031 1853 4084 Bellovacensi
1876 4029 2085 4082 dioecesi
2108 4027 2405 4094 ostendens,
2426 4029 2519 4101 qui
2596 4079 2599 4084 .

1499 4111 1785 4164 Hassorum
1810 4110 2039 4174 nominis
2076 4107 2297 4179 vestigia
2318 4122 2489 4162 servat
2504 4147 2521 4172 ,

1499 4209 1667 4262 quum
1710 4190 1765 4244 in
1795 4190 2003 4260 mappis
2048 4189 2179 4242 Haiz
2196 4225 2213 4250 ‚
2241 4188 2351 4242 sive
2378 4189 2483 4240 Hez
2502 4225 2517 4252 ,
