3300 5175
60 2543 89 2873 „—m

780 568 808 623 4
855 558 1110 629 nobile:
1131 560 1380 628 flumen
1413 547 1721 629 Uduba²⁶

861 424 959 497 36
1368 427 1446 495 C.
1515 428 1867 495 PLINII
1924 370 2144 495 NAT.
2202 429 2468 497 HIST.

1739 563 1965 655 :legio
1990 560 2503 655 Ilergaonum.
2432 559 2478 599 ²⁷
2543 548 2841 631 Iberus²⁸
2866 587 3005 632 am·

853 669 954 735 nis
981 665 1337 760 navigabili
1375 670 1779 736 commercio
1808 666 2026 753 diveS,
2048 682 2253 797 3ortus
2290 670 2358 736 in
2391 668 2783 755 CantabriS,
2816 668 2999 737 haud

850 772 1084 867 procul
1130 771 1380 867 oppido
1417 772 1781 843 Juliobrica
1793 772 1843 812 ²⁹
1847 759 2071 868 ,³per
2074 772 2351 845 ‘’ccch
2382 798 2460 843 Μ.
2495 799 2665 869 pass.
2683 760 2997 845 ³¹fluens:

849 880 1119 948 navium
1149 904 1270 973 per
1302 902 1478 951 ccnx
1507 902 1585 948 Μ.
1615 902 1657 947 a
1684 882 1891 949 Varia
1921 880 2169 975 oppido
2197 904 2451 975 capax.
2480 906 2678 975 quem
2716 898 2999 977 propter

847 988 1232 1054 universam
1257 988 1664 1115 3Hispaniam
1706 989 1924 1057 Groeci
1961 985 2378 1082 appellavere
2422 988 2735 1055 Iberiam.
2784 991 2998 1083 Regio

851 1077 1305 1163 Cossetania³²
1314 1145 1333 1178 ‚
1361 1092 1612 1161 flumen
1639 1078 1861 1161 Suhi³³

935 1282 1024 1349 56.
1066 1293 1270 1345 Flumen
1303 1294 1495 1347 Uduba.
1537 1293 1623 1347 Sic
1659 1295 1787 1365 Reg.
1822 1307 1876 1347 et

1884 1092 2181 1163 :colonia
2199 1079 2555 1162 Tarraco³⁴
2560 1148 2581 1181 ,
2609 1096 2995 1189 Scipionum

1964 1293 2057 1347 sed
2088 1293 2177 1347 vix
2222 1312 2321 1365 per
2351 1311 2476 1347 cccc
2506 1292 2627 1346 fluit
2652 1295 2877 1347 Iberus·
2905 1314 2999 1347 ua·

850 1358 1006 1428 colb.
1047 1392 1158 1426 non
1197 1374 1442 1438 Idubeda‚
1487 1372 1632 1446 quod
1678 1374 1877 1426 montis
1972 1374 2119 1426 vium
2137 1392 2283 1427 nunc
2310 1394 2407 1446 per
2437 1391 2595 1426 ccxvi
2618 1374 2694 1425 Μ.
2724 1392 2859 1445 pass.
2883 1388 2999 1427 tan-

849 1468 926 1507 est
955 1472 1150 1506 nomen
1181 1453 1464 1506 Ptolemaeo
1507 1473 1570 1507 ac
1605 1454 1872 1507 Straboni.

847 1534 1272 1587 Harum—Nunc
1285 1534 1584 1597 Muroiedro,
1611 1552 1722 1605 quo
1739 1534 1873 1587 allu-

849 1626 1013 1666 untur
1034 1614 1162 1666 urbs
1190 1612 1524 1683 cognominis
1545 1626 1598 1665 et
1621 1613 1875 1682 Segobri-

847 1710 914 1764 ga
949 1690 1113 1745 hodie
1140 1691 1376 1763 Segorhe,
1418 1693 1504 1745 vel
1540 1692 1785 1763 Segoroe,
1816 1694 1871 1746 iu

847 1774 1018 1845 Rerno
1041 1772 1104 1823 de
1134 1772 1190 1823 V
1185 1774 1388 1825 alenc-m
1417 1773 1521 1825 En.

932 1870 1022 1922 57.
1050 1852 1377 1933 Ilergaonum.
1424 1853 1510 1905 Ab
1551 1850 1749 1904 Uduba
1796 1850 1867 1904 ad

847 1933 1064 1984 Iberum
1093 1914 1382 2002 Ἰλερκοίονας
1403 1932 1753 1993 Ptolemaeus,
1774 1932 1871 1985 lib.

845 2013 958 2071 vl,
984 2029 1100 2082 cap.
1123 2016 1192 2075 6,
1219 2024 1271 2064 et
1307 2010 1521 2077 Livius,
1541 2002 1649 2081 [lib.
1674 2012 1872 2077 XXII,

844 2110 960 2162 cap.
994 2110 1021 2142 2
1037 2110 1060 2143 1
1073 2132 1086 2144 .
1113 2092 1554 2161 Illurgavonenses,
1588 2110 1671 2162 qm
1668 2092 1873 2161 'flumen

844 2172 1035 2223 Iberum
1059 2174 1312 2241 attingunt
1328 2210 1344 2235 ,
1390 2172 1565 2224 Cesar
1610 2170 1873 2241 appellat,

845 2250 913 2303 de
949 2251 1080 2303 Bell.
1113 2251 1234 2304 civ.
1257 2251 1354 2304 lib.
1384 2252 1444 2315 1,
1487 2268 1604 2320 cap.
1637 2255 1728 2302 60.
1768 2251 1873 2302 Ta·

845 2349 971 2383 men
999 2330 1138 2382 ultra
1167 2332 1384 2385 Iberum
1437 2330 1735 2401 Ilergaonas
1750 2348 1873 2400 pro·

844 2421 1026 2462 movet
1063 2409 1376 2461 Ptolemaeus
1413 2426 1429 2461 :
1464 2422 1518 2462 et
1557 2410 1614 2461 in
1640 2409 1875 2461 nummis

845 2491 1066 2543 Dertosa
1101 2486 1266 2547 bodie
1309 2490 1542 2550 Tor-tosa,
1575 2489 1632 2540 in
1664 2489 1875 2541 sinistra

846 2568 996 2622 fluvii
1010 2568 1144 2639 ripa,
1156 2569 1493 2638 Ilergaonum
1511 2568 1657 2639 genti
1678 2566 1873 2622 adscri-

845 2650 1011 2702 bitur.
1031 2649 1209 2700 Hm).
1232 2646 1362 2702 vid.
1387 2647 1508 2701 Ind.
1539 2667 1714 2719 geogr.
1735 2661 1871 2702 nost.

847 2727 974 2782 edit.
1000 2743 1133 2782 tom.
1161 2729 1262 2793 IV,
1277 2747 1398 2800 pag.
1430 2727 1559 2782 583.
1587 2729 1691 2781 En.

933 2811 1022 2862 58.
1059 2809 1241 2862 Iberus.
1284 2808 1492 2902 Accolis
1515 2807 1692 2860 Ehe-o.-
1715 2808 1873 2861 nobis

859 2889 882 2940 1
891 2890 1056 2942 'Ebu-e.
1092 2889 1274 2941 Hum-

936 2988 1028 3039 ²9·
1069 2949 1697 3038 Julabbrica.10u12669m
1743 2967 1871 3020 Pto·

848 3049 1066 3112 lemaeo,
1112 3049 1216 3102 loc.
1245 3049 1336 3102 cit.
1372 3066 1533 3119 quam
1565 3048 1664 3100 sub
1686 3045 1873 3099 eadem

850 3128 965 3180 caeli
996 3139 1146 3198 parte
1182 3129 1354 3193 locat,
1396 3145 1458 3180 ac
1493 3127 1640 3180 Iberi
1672 3128 1869 3192 fontes,

851 3207 946 3278 qui
981 3206 1144 3260 hodie
1170 3207 1228 3260 in
1249 3207 1386 3260 valle
1416 3207 1759 3278 reperiuntur
1784 3207 1870 3258 cui

763 3285 768 3292 '
850 3304 1056 3339 nomen
1103 3298 1182 3339 est
1226 3287 1332 3339 Va!
1369 3288 1430 3338 de
1461 3289 1644 3339 Vieso:
1674 3305 1872 3339 nomen

850 3379 1026 3420 autem
1056 3364 1264 3437 oppidi,
1283 3364 1430 3438 quod
1450 3366 1505 3417 F
1499 3379 1636 3418 neme
1656 3367 1718 3419 de
1735 3367 1872 3419 Ivem

851 3463 962 3499 esse
989 3443 1118 3498 dicit
1147 3444 1314 3498 Hard.
1335 3446 1394 3497 in
1417 3445 1625 3516 mappis
1651 3465 1763 3498 non
1786 3465 1869 3498 re·

847 3526 984 3596 peri.
1011 3525 1295 3596 Inscriptio
1319 3523 1464 3597 apud
1488 3525 1677 3577 Ambr.
1698 3526 1874 3578 Mora·

731 3635 736 3640 ·
848 3606 962 3670 les,
995 3604 1091 3658 fol.
1133 3607 1202 3675 67
1240 3623 1254 3658 :
1290 3606 1739 3658 Juuonuxcnnsr.
1778 3623 1866 3656 nx.

848 3685 1066 3738 vars.
1097 3685 1539 3738 Currumouun.
1563 3685 1668 3738 En.

934 3767 1024 3820 30.
1064 3765 1182 3817 Per.
1208 3771 1334 3823 Haec
1358 3783 1471 3817 vox
1499 3782 1586 3834 ap.
1611 3764 1789 3818 Dalec.
1817 3775 1871 3817 et

847 3841 958 3898 Elz.
989 3843 1152 3898 deest.
1187 3848 1290 3897 En.

923 3924 1014 3977 31.
1084 3924 1320 3978 CCCCL
1362 3923 1440 3975 M.
1491 3941 1623 3993 pass.
1662 3923 1828 3989 fluens
1852 3963 1868 3984 ‚

839 4009 1028 4056 navium
1057 4024 1149 4074 per
1181 4003 1386 4057 CCLX
1411 4001 1484 4056 Μ.
1533 4022 1564 4053 a
1597 4002 1751 4054 Varia
1786 4021 1872 4071 op-

840 4083 952 4134 m'do
980 4104 1150 4158 capax.
1183 4084 1306 4138 Non
1324 4102 1423 4155 per
1447 4101 1606 4135 cccci.
1640 4099 1705 4134 nt.
1731 4098 1866 4152 pass.

1972 1466 2106 1517 tum,
2120 1455 2187 1506 ab
2212 1454 2345 1506 urbe
2367 1453 2553 1505 Tudela
2571 1472 2734 1525 capax
2755 1467 2862 1521 θεῖς
2878 1473 2997 1507 non

1970 1534 2241 1585 immerito
2276 1546 2452 1586 autem
2476 1534 2667 1585 Noster
2716 1545 2865 1587 aetate
2899 1553 2999 1587 sua

1964 1632 2062 1683 per
2090 1632 2222 1665 ccnx
2253 1631 2318 1665 rr.
2345 1632 2479 1683 pass.
2513 1611 2656 1666 istud
2681 1612 2883 1665 flumen
2902 1634 2999 1667 na-

1967 1692 2119 1744 vium
2170 1711 2333 1764 capax
2379 1692 2538 1745 fuisse
2582 1691 2883 1758 contendit,
2947 1694 2995 1746 si

1966 1772 2128 1824 Varia
2146 1771 2434 1844 oppidum,
2456 1790 2575 1845 quae
2604 1774 2800 1843 Οὖαρὶα
2819 1773 3000 1826 Ptole·

1966 1870 2103 1905 maeo
2137 1866 2214 1904 est
2239 1854 2297 1905 in
2320 1852 2639 1916 Beronibus,
2670 1852 2763 1905 lib.
2781 1854 2857 1918 11,
2872 1872 2990 1924 cap.

1970 1935 2025 1993 6,
2048 1943 2102 1985 et
2114 1931 2381 1996 Straboni,
2396 1932 2493 1984 lib.
2516 1932 2618 1996 111,
2650 1950 2703 2001 p.
2732 1936 2838 1985 162
2854 1972 2870 1998 ,
2889 1933 2994 1984 ho-

1962 2008 2053 2063 die
2098 2013 2329 2081 Logrono
2376 2023 2478 2075 est,
2532 2024 2595 2063 nt
2642 2010 2989 2069 D'Anvrun,

1962 2092 2313 2161 nonnullique
2340 2090 2429 2141 alii
2448 2092 2650 2143 volunt.
2672 2092 2783 2155 Qui
2806 2105 2987 2145 autem

1960 2170 2177 2223 Iberum
2208 2190 2318 2223 non
2340 2170 2611 2242 superius,
2658 2170 2819 2223 Plinii
2842 2184 2994 2225 aetate

1962 2268 2121 2320 quam
2176 2262 2383 2313 nostra,
2436 2250 2788 2320 navigabilem
2832 2250 2991 2311 fuisse

1958 2341 2177 2400 putant,
2190 2329 2438 2382 libentius
2452 2341 2513 2381 ut
2534 2329 2748 2401 opinor,
2766 2330 2985 2383 Variam

1961 2410 2019 2460 in
2040 2404 2089 2453 V
2086 2411 2310 2474 aleier-m,
2331 2410 2481 2479 juxta
2504 2402 2709 2473 Tudela,
2726 2428 2904 2463 ccxvn
2921 2428 2985 2461 ιιι.

1962 2505 2099 2559 pass.
2121 2490 2189 2542 ab
2204 2489 2349 2542 Iberi
2369 2488 2544 2554 ostiis,
2566 2503 2865 2559 agnoscent.
2880 2490 2984 2543 En.

2046 2569 2138 2623 35.
2186 2568 2484 2622 Cessetania.
2512 2568 2602 2622 Sic
2628 2569 2756 2622 libri
2782 2589 2982 2624 omnes.

1960 2648 2265 2714 Ptolemaeo,
2279 2649 2449 2713 lib.11,
2468 2667 2585 2720 cap.
2602 2651 2656 2711 6,
2682 2651 2985 2712 Koara-tavei,

1960 2727 2017 2780 in
2035 2730 2229 2800 quibus
2256 2731 2615 2782 Tarraconem
2644 2730 2799 2782 locat.
2822 2730 2985 2801 Apud

1962 2807 2175 2862 Gruter.
2219 2827 2339 2880 pag.
2374 2815 2513 2876 499:
2545 2809 2786 2862 'rinna
2816 2812 2983 2862 Vnus.

1962 2888 2289 2941 Cosa-arton.
2330 2889 2415 2940 Ab
2444 2889 2605 2940 Ibero
2640 2907 2703 2941 ea
2728 2889 2879 2960 regio
2902 2891 2985 2942 in-

1960 2967 2120 3039 cipit,
2138 2970 2439 3021 Tarracone
2468 2966 2751 3022 clauditur.
2800 2970 2978 3021 Hann.

2044 3047 2136 3100 33.
2162 3048 2299 3102 Subi.
2334 3046 2508 3100 Hodie
2526 3047 2762 3099 Franeoli
2776 3088 2790 3112 ,
2812 3051 2902 3119 qui
2930 3051 2983 3102 in

1962 3128 2279 3180 Tarraconis
2306 3141 2522 3198 portum
2550 3126 2862 3182 influit.Eu.

2044 3206 2132 3271 34.
2180 3207 2415 3270 Colonia,
2449 3219 2550 3260 etc.
2583 3207 2709 3259 Haec
2738 3207 2983 3272 Solinus,

1960 3303 2075 3358 cap.
2103 3285 2171 3338 23
2187 3323 2203 3352 ,
2223 3304 2347 3357 pag.
2366 3293 2460 3350 44.
2480 3298 2534 3339 et
2555 3287 2865 3352 Martianus,
2883 3288 2980 3340 lib.

1962 3367 2043 3417 VI
2058 3405 2074 3430 ,
2098 3384 2218 3436 pag.
2240 3384 2371 3418 505.
2393 3364 2569 3418 Hodie
2598 3368 2887 3436 Tae-ragom
2903 3365 2987 3419 di·

1958 3445 2115 3506 citur,
2145 3445 2201 3497 in
2225 3463 2319 3498 ora
2343 3445 2573 3516 regionis
2588 3485 2603 3511 ,
2631 3445 2796 3499 bodie
2836 3447 2985 3498 Prin-

1959 3523 2133 3593 cipado
2166 3524 2227 3576 de
2262 3525 2513 3578 Catulario
2551 3523 2725 3578 dictae.
2771 3527 2923 3578 Hanc
2955 3546 2985 3579 a

1958 3603 2297 3658 Phaenicibus
2309 3640 2326 3667 ,
2348 3617 2409 3658 ut
2424 3605 2599 3669 aiunt,
2615 3606 2873 3658 Tarconis
2887 3625 2985 3658 no-

1960 3683 2101 3736 mine
2130 3680 2395 3737 conditam
2408 3685 2506 3748 ,in
2542 3686 2987 3756 sequentibusque

1960 3764 2294 3833 temporibus
2344 3764 2486 3816 bello
2537 3776 2823 3828 vastatam,
2873 3765 2985 3818 Sci-

1960 3843 2149 3912 piones
2172 3841 2588 3900 reedificatum,
2618 3862 2840 3912 eamque
2869 3859 2983 3898 tan·

1963 3920 2087 3974 dem
2143 3925 2379 3976 Romana
2430 3922 2639 3976 colonis
2692 3925 2837 3976 auxit
2860 3963 2877 3990 ,
2928 3937 2985 3976 ut

1960 4015 2165 4072 putant,
2205 4002 2382 4054 Julius
2402 4004 2593 4055 Caesar.
2626 4001 2845 4056 Gruteri
2892 4005 2987 4056 In-

1960 4081 2177 4150 scriptio
2198 4099 2317 4152 pag.
2334 4083 2363 4133 3
2374 4085 2405 4134 6
2417 4101 2443 4134 5
2463 4100 2475 4134 :
2490 4082 2866 4136 Cot..Tsmuc.
2878 4080 2983 4140 Eo.
