3300 5175
1219 541 1536 610 LIBER
1588 541 1721 610 lv.

2392 540 2532 638 273

393 673 646 770 Nyssos
659 659 708 698 ¹⁵
727 727 748 762 ,
781 670 1139 757 Phinelon,
1175 657 1506 742 Mendae²⁶
1537 701 1552 742 ε
1587 687 1659 741 et
1691 673 1761 741 in
1794 670 2161 742 Pallenensi
2184 671 2233 713 ¹⁷
2273 675 2534 746 Isthmo

395 779 732 876 quondam
787 763 1170 864 Potidaea¹⁸‚
1226 803 1408 848 nunc
1461 778 1861 850 Cassandria
1916 778 2177 850 colonia
2220 807 2235 849 :
2278 782 2531 852 Anthe-

395 913 545 958 mus
593 886 663 975 ⁸⁹‚
739 885 1184 982 Olophyxos²⁰
1225 905 1242 948 ε

479 1090 504 1126 1
517 1077 566 1126 5.
613 1072 797 1136 Nrssos
810 1108 828 1136 ,
877 1070 1118 1124 Phinelon
1132 1104 1150 1133 ‚
1193 1070 1408 1124 Mendae.

394 1151 664 1206 sinceram
701 1149 950 1204 codicum
979 1151 1133 1204 MSS.
1178 1153 1304 1223 Reg.
1346 1169 1368 1206 x
1391 1189 1408 1214 ,

397 1250 426 1286 a
451 1271 468 1298 ,
497 1231 653 1286 Colb.
684 1247 731 1298 1,
759 1249 808 1289 a,
835 1243 888 1284 et
906 1230 1069 1283 Paris.
1091 1230 1413 1301 scripturam

391 1310 737 1376 exhibemus,
769 1327 1082 1382 quanquam
1122 1309 1298 1364 nihilo
1333 1329 1415 1364 sa-

389 1390 597 1444 niorem
614 1429 631 1454 ‚
661 1409 823 1463 quam
868 1407 988 1462 quae
1026 1391 1094 1447 ab
1125 1390 1414 1445 Hermolao

392 1471 680 1542 excogitata
706 1482 815 1536 est,
842 1488 944 1522 nec
976 1470 1090 1523 ullo
1115 1482 1196 1524 sat
1220 1469 1414 1524 idoneo

391 1563 705 1622 argumento
765 1548 1098 1604 constabilita
1116 1587 1136 1616 ,
1193 1549 1366 1604 Nissos
1392 1592 1410 1616 ,

389 1629 614 1700 Bergion
637 1669 656 1696 ,
710 1630 886 1683 Eleon.
937 1629 1258 1700 Quanquam
1302 1631 1414 1684 scio

387 1712 586 1782 Βρύγιον
602 1730 630 1763 a
650 1709 918 1782 Stephano
936 1705 1256 1772 Μωδονξας
1272 1713 1411 1763 πόλιν

389 1789 649 1861 appellari
684 1807 698 1842 :
729 1787 825 1842 sed
859 1807 1037 1861 neque
1065 1789 1228 1842 situm
1265 1807 1412 1844 com·

389 1881 651 1922 monstrat
699 1869 813 1940 ejus
861 1867 1050 1941 oppidi
1073 1909 1090 1935 ,
1147 1887 1250 1923 nec
1294 1888 1414 1942 qun

389 1961 511 2001 sunt
531 1947 638 2002 hoc
666 1959 836 2002 tractu
857 1949 1030 2020 posita
1045 1987 1061 2014 ,
1089 1961 1149 2004 ut
1168 1947 1381 2003 Mendae
1395 1990 1412 2016 ,

389 2027 656 2094 Therme,
689 2027 934 2094 Pallene,
975 2040 1269 2102 ceteraque
1299 2031 1413 2102 ejus

389 2106 538 2160 modi
553 2145 570 2172 ,
595 2106 929 2160 Macedoniae
959 2109 1092 2162 solet
1117 2109 1378 2180 assignare
1393 2149 1410 2177 ,

388 2185 482 2240 sed
534 2187 792 2241 Thracia.
838 2188 1014 2254 Quam
1071 2189 1141 2241 ob
1197 2207 1409 2242 causam

386 2265 572 2332 Nyssos
597 2287 700 2338 pro
737 2268 910 2320 Nissos
939 2265 1028 2320 edi
1067 2267 1406 2322 curavimus:

385 2344 530 2417 quod
554 2347 876 2417 Hesychius,
898 2365 1018 2418 pag.
1043 2349 1179 2418 672,
1197 2347 1405 2402 Νύσσαν

384 2437 438 2478 et
480 2427 660 2480 Νύσιον
678 2463 696 2492 ,
744 2425 854 2480 sive
904 2428 1118 2479 Νὐσσιον
1167 2437 1405 2480 montem

381 2503 625 2558 Thracias
644 2517 825 2570 vocat,
844 2505 933 2558 cui
950 2506 1282 2576 cognominis
1296 2525 1405 2560 esse

381 2583 570 2639 civitas
609 2604 670 2639 ea
711 2584 966 2657 potuerit.
1011 2584 1403 2640 AEstimandum

380 2682 545 2735 porro
585 2664 700 2718 aliis
740 2665 1116 2737 relinquimus,
1147 2684 1280 2719 num
1320 2667 1402 2718 lo·

383 2761 506 2797 cum
529 2744 620 2797 hie
640 2743 836 2797 habere
855 2745 1025 2817 possit
1045 2746 1180 2797 Eion
1194 2784 1210 2812 ,
1235 2746 1404 2799 Thra-

383 2822 479 2875 ciae
505 2821 721 2887 civitas,
762 2824 970 2877 colonia
999 2823 1370 2878 Mendaeorum
1386 2864 1404 2891 ,

381 2904 536 2975 cnjus
565 2902 806 2955 meminit
834 2902 1256 2975 Harpocration,
1279 2924 1400 2977 pag.

387 2988 491 3045 141
518 3000 532 3035 :
559 2972 712 3048 fitz-w,
729 2982 869 3043 πόλις
889 2984 1107 3053 Θρᾴκης.
1130 2980 1399 3039 Μενδαίων

381 3060 618 3127 ἀποικία,
646 3080 711 3115 ex
732 3060 1075 3133 Thucydide.
1101 3064 1280 3118 Haan.
1317 3094 1401 3105 -—

381 3142 488 3195 Pro
524 3142 746 3215 Brsgc'on
780 3140 929 3213 quod
957 3159 1044 3217 ap.
1075 3144 1254 3197 Dalec.
1288 3157 1396 3211 est,

377 3220 572 3293 legitur
592 3222 649 3274 in
676 3220 859 3275 Chiffl.
885 3222 1059 3276 Pht-ix.
1087 3222 1194 3275 En.

465 3320 489 3355 ι
503 3305 556 3356 6.
575 3302 788 3355 Mendae.
810 3297 1008 3371 Mivd‘n,
1024 3302 1163 3363 πόλις
1180 3304 1398 3373 Θρᾴκης,

380 3380 667 3453 Stephano.
679 3380 928 3453 Thucyd.
946 3400 1167 3455 quoque
1184 3383 1278 3436 lib.
1295 3384 1399 3450 IV,

376 3479 496 3533 pag.
548 3460 680 3526 334.
734 3461 929 3515 Incolae
970 3459 1218 3517 Μινδοιῖοι
1256 3462 1399 3535 apud

377 3541 574 3594 Athen.
616 3540 708 3594 lib.
741 3542 800 3605 1,
837 3560 955 3613 pag.
996 3562 1095 3613 29,
1125 3556 1180 3597 et
1211 3542 1398 3596 vinum

375 3620 705 3675 Mendaeum.
735 3620 920 3686 Mela,
949 3621 1042 3675 lib.
1065 3623 1153 3690 11,
1179 3642 1293 3694 cap.
1333 3642 1362 3677 a
1381 3660 1400 3688 ,

375 3701 569 3753 Mende.
605 3702 676 3754 At
707 3702 980 3755 Pausania!
1019 3702 1181 3756 Eliac.
1226 3702 1396 3774 prior.

373 3780 544 3844 lib.v,
561 3800 620 3851 p.
633 3778 759 3845 334,
777 3776 998 3848 Μίνδαι,
1011 3781 1068 3835 in
1076 3782 1398 3835 Thracia.H.

463 3878 487 3914 1
501 3880 554 3930 7.
601 3860 883 3913 Pallenensi
921 3861 1122 3915 Isthmo.
1170 3862 1399 3915 Volebat

376 3939 516 3995 Pint.
530 3940 749 3993 Pellene-s
760 3941 962 3994 Isthmo.
981 3941 1402 3996 En.--1sthmus

378 4018 500 4085 ille,
529 4039 674 4073 nunc
708 4020 989 4083 catanam,
1026 4022 1110 4076 vel
1141 4022 1208 4073 les
1234 4032 1400 4093 portes

379 4098 441 4149 de
470 4098 758 4153 Cassandra.
777 4102 948 4154 Baor.

466 4180 556 4233 18.
579 4180 817 4235 Posidea.
832 4178 1022 4234 Strabo
1036 4178 1400 4253 inExcerptia,

537 4291 636 4357 II.

1311 887 1491 956 sinus
1539 884 2133 980 Mecybernaeus²¹.
2196 889 2469 985 Oppida
2505 915 2521 958 ε
2562 896 2597 953 4

1497 1069 1592 1124 lib.
1619 1070 1765 1137 vn,
1788 1089 1907 1143 pag.
1936 1061 2161 1126 33021‘1
2184 1073 2295 1144 πρὶν
2322 1075 2409 1146 μὲν
2434 1080 2533 1130 Πο-

1499 1145 1707 1216 τιδαία,
1734 1156 1813 1204 νῦν
1839 1146 1900 1204 δῦ
1926 1146 2305 1222 Κασσάνδρεια.
2330 1153 2386 1208 A
2406 1154 2531 1210 Cas·

1499 1229 1697 1284 sandro
1727 1229 2001 1302 Antipatri
2021 1229 2098 1284 fil.
2126 1230 2395 1286 Nummus
2423 1235 2531 1290 Ne·

1499 1309 1652 1364 ronis
1667 1349 1682 1372 ,
1723 1309 1870 1381 apud
1892 1310 2061 1384 Potin,
2086 1328 2204 1382 pag.
2233 1330 2257 1365 ι
2273 1311 2341 1366 15
2364 1351 2379 1378 ,
2407 1331 2524 1370 cor..

1502 1407 1614 1443 rvr..
1643 1407 1770 1444 ave.
1799 1407 2196 1444 cassannaus.
2231 1391 2528 1463 Ulpianus,

1499 1469 1699 1540 Digest.
1716 1469 1813 1522 lib.
1838 1469 1900 1531 1..
1927 1469 2009 1523 tit.
2041 1468 2129 1536 15,
2151 1469 2219 1524 de
2236 1471 2524 1541 Censibus,

1502 1547 1883 1602 Cassandreus-rs
1910 1551 2042 1620 juris
2079 1551 2249 1604 Italica·
2275 1565 2404 1606 sunt.
2440 1548 2525 1607 De

1498 1627 1795 1682 Pallenensi
1820 1629 2026 1683 Isthmo
2045 1667 2063 1696 ,
2090 1630 2235 1684 Mela
2262 1631 2525 1704 eleganter

1499 1706 1827 1774 admodum,
1857 1709 1895 1762 l.
1926 1709 2019 1774 11,
2048 1727 2094 1763 c.
2122 1729 2182 1775 a,
2229 1736 2253 1758 ι
2275 1711 2520 1772 Pallene.

1497 1787 1691 1861 inquit,
1714 1787 1934 1867 solitam
1950 1789 2196 1861 patentis,
2210 1802 2271 1843 ut
2283 1791 2524 1865 quinque

1498 1869 1717 1922 urbium
1746 1867 1893 1922 sedes
1922 1869 1990 1922 sit
2024 1881 2186 1940 atque
2216 1888 2361 1940 ager.
2386 1871 2524 1927 Tota

1496 1947 1553 2000 in
1581 1949 1751 2001 altum
1791 1948 1901 2002 abit
1933 1967 1947 2000 ε
1981 1961 2197 2018 angusta
2226 1950 2351 2002 satis
2376 1951 2523 2005 unde

1495 2026 1707 2099 incipit.
1755 2027 1843 2080 Ibi
1888 2038 1965 2081 est
2007 2027 2257 2082 Potidaea.
2305 2029 2379 2084 At
2428 2032 2523 2085 uhi

1493 2107 1666 2161 laxius
1688 2118 1835 2178 patet
1852 2146 1867 2173 ,
1894 2105 2092 2160 Mende
2118 2107 2418 2182 Scioneque
2443 2129 2525 2166 re-

1495 2183 1749 2240 ferenda.
1781 2212 1804 2233 n
1839 2185 1907 2239 Η.
1930 2217 2012 2230 --
2037 2188 2322 2258 Ignoratur
2343 2203 2521 2244 certus

1495 2267 1713 2320 urbium
1740 2283 1925 2319 earum
1957 2267 2108 2320 situs.
2152 2269 2259 2321 En.

1581 2365 1671 2418 19.
1699 2346 1985 2400 Anthemus.
2012 2346 2430 2420 Harpocration,
2460 2368 2516 2422 p.

1499 2427 1570 2479 28
1606 2443 1620 2478 ε
1657 2419 1900 2498 Ᾰνθιμοῦς
1919 2462 1933 2484 ,
1975 2427 2115 2488 πόλις
2156 2423 2481 2488 Μακεδονικὴ
2501 2469 2519 2496 ,

1491 2506 1578 2558 καὶ
1606 2507 1650 2558 οἱ
1674 2507 1765 2558 ἀπ’
1789 2507 1971 2570 αὐτῆς,
1999 2498 2353 2576 Ᾰνθιμοὺντιοι.
2379 2507 2519 2562 Item

1492 2584 1763 2657 Stephano
1784 2626 1801 2651 ,
1829 2598 1885 2638 et
1907 2585 2057 2658 prius
2085 2583 2362 2641 Herodoto
2378 2626 2395 2652 ,
2419 2589 2516 2643 lib.

1491 2662 1545 2713 V
1567 2665 1850 2736 Terpsich.
1875 2684 2025 2720 num.
2055 2672 2128 2735 94
2148 2705 2165 2729 ,
2191 2686 2245 2738 p.
2280 2666 2420 2722 325.
2442 2670 2512 2723 H.

1488 2743 1730 2798 —Haud
1743 2745 1901 2817 longe
1912 2763 1945 2797 a
1958 2743 2177 2797 Saloniki
2185 2743 2399 2800 rudera.
2411 2748 2514 2803 En.

1575 2843 1663 2878 ao.
1699 2824 2000 2895 Olopltrsos.
2029 2826 2147 2878 Dal.
2174 2826 2511 2896 Holoplayaeos.

1486 2902 1591 2957 En.
1625 2935 1707 2949 —
1740 2897 1981 2974 ὁλόφυξος
2024 2906 2162 2965 πόλις
2206 2907 2253 2958 ἐν
2298 2907 2512 2978 Θρᾴκῃ,

1487 2983 1628 3037 circa
1651 2996 1892 3037 montem
1915 2982 2103 3037 Athon
2122 3021 2139 3048 ,
2162 2983 2437 3055 Stephano
2460 3000 2515 3041 et

1486 3061 1736 3135 Thucyd.
1760 3064 1857 3117 lib.
1882 3063 1988 3129 lv,
2008 3080 2128 3137 pag.
2161 3062 2296 3119 32¹5.
2326 3066 2511 3121 Haun-

1569 3162 1598 3195 α
1611 3162 1634 3197 1
1645 3182 1661 3195 .
1670 3141 1815 3195 Sinus
1824 3142 2509 3215 Mecybernoeus.Legendum

1484 3240 1634 3275 sane:
1653 3223 1937 3295 Olophyxos
1945 3242 1964 3277 .·
1978 3226 2109 3275 sinus
2122 3222 2481 3295 Mecybernoeus
2489 3246 2509 3281 :

1484 3321 1596 3356 non
1618 3314 1679 3356 ut
1696 3301 1860 3373 vulgo
1878 3302 1934 3355 in
1947 3302 2101 3357 libris
2115 3302 2185 3357 ad
2204 3304 2349 3357 hunc
2364 3304 2508 3361 diem

1486 3380 1671 3436 editis:
1705 3382 1988 3453 Olophyxos
2008 3386 2166 3448 sinus,
2188 3384 2508 3449 Mecyberna:

1488 3480 1656 3533 quum
1681 3480 1854 3533 neque
1865 3461 2188 3536 Olophyxos
2210 3466 2509 3536 cujuspiam

1487 3542 1634 3595 sinus
1653 3542 1941 3613 appellatio
1954 3542 2021 3596 sit
2038 3555 2052 3590 τ
2078 3555 2130 3597 et
2146 3562 2369 3615 sequens
2383 3562 2509 3612 vox,

1487 3623 1667 3692 oppida
1682 3660 1699 3688 ,
1731 3620 1789 3675 id
1808 3620 1959 3695 quod
1983 3624 2226 3695 proxime
2244 3623 2511 3679 antecedit

1487 3720 1598 3754 non
1626 3714 1737 3755 esse
1767 3700 2031 3774 oppidum
2052 3741 2068 3767 ,
2098 3702 2311 3757 abunde
2334 3703 2509 3759 decla-

1486 3794 1588 3836 ret.
1601 3782 1698 3835 Est
1719 3794 1895 3835 autem
1912 3782 2317 3853 Mecybernams
2334 3786 2509 3851 sinus,

1487 3862 1580 3933 qui
1609 3875 1788 3933 postea
1810 3862 2133 3933 Mecyberna
2153 3864 2321 3917 excisa
2341 3864 2510 3918 Toro-

1485 3941 1639 3995 nicus
1666 3960 1697 3994 a
1726 3942 1943 3995 Torone
1977 3956 2056 3997 est
2089 3945 2507 4015 cognominatus.

1488 4020 1661 4075 Testis
1689 4021 1829 4075 Mela
1846 4058 1864 4085 ,
1894 4022 1988 4075 lib.
2024 4024 2109 4087 II,
2134 4040 2253 4092 cap.
2288 4023 2319 4077 3
2338 4061 2356 4085 ,
2384 4043 2506 4097 pag.

1491 4100 1561 4153 31
1602 4116 1618 4153 ε
1672 4125 1695 4147 ι
1730 4102 1795 4153 In
1834 4102 2045 4167 littore,
2082 4100 2290 4175 iuquit,
2346 4103 2515 4158 flexus

1487 4180 1890 4251 Mecybernoeus
1948 4182 2090 4233 inter
2146 4184 2515 4255 promontoria

2108 4290 2196 4363 ¹8
