3300 5175
1105 508 1425 575 LIBER
1480 508 1610 574 lv.

2262 506 2414 579 383

289 643 478 711 brica
492 626 542 723 ⁶,
563 638 872 736 Collippo
883 636 932 723 ⁷,
955 622 1506 707 Eburobritium⁸.
1518 638 1831 706 Excurrit
1859 636 2095 707 deinde
2122 640 2193 707 in
2210 638 2416 710 altum

291 762 482 818 vasto
531 770 742 817 cornu
779 742 1347 839 promontorium⁹

293 956 450 1010 colb.
485 954 614 1008 etin
639 952 766 1007 edit.
799 952 973 1006 Pam.
1005 952 1054 1004 E
1058 955 1307 1003 menium.

293 1036 361 1087 Η.
400 1066 482 1078 -
509 1031 728 1105 oppido
758 1031 1032 1105 amnique,
1080 1044 1141 1083 ut
1177 1032 1313 1085 Har·

293 1112 463 1168 duino
489 1112 683 1185 placet,
705 1128 986 1165 commune
1000 1150 1016 1177 ,
1043 1108 1206 1163 hodie
1224 1130 1318 1163 no-

294 1212 422 1247 men
445 1205 523 1247 est
541 1192 771 1263 Agueda,
787 1191 898 1244 sive
918 1190 1100 1262 potius
1115 1191 1176 1244 V
1167 1210 1315 1263 ougo.

297 1275 411 1327 Vix
476 1270 801 1325 credendum
845 1284 1024 1325 autem
1079 1288 1316 1325 morem

295 1352 532 1407 admittit
579 1352 661 1405 vir
697 1350 1019 1422 cateroquin
1050 1368 1172 1403 sane
1199 1368 1316 1422 per-

297 1430 535 1486 eruditus
557 1470 574 1497 ,
626 1430 900 1483 Broterius
919 1468 936 1495 ‚
975 1430 1070 1501 qui
1115 1429 1314 1483 flumen

295 1511 592 1566 AEminium
608 1550 623 1573 ,
657 1528 804 1568 nunc
831 1509 1112 1564 Guadaleea
1139 1510 1317 1564 vocari

298 1590 448 1645 dicit.
477 1589 583 1644 En.

381 1674 438 1725 6.
501 1669 822 1724 conimbrica.
875 1667 1029 1721 MSS.
1077 1670 1206 1741 Reg.
1265 1681 1319 1721 et

300 1750 457 1804 Colb.
491 1748 821 1818 Cinumbriga.
855 1747 1132 1820 Oppidum
1181 1746 1283 1800 fuit
1300 1787 1317 1814 ,

298 1848 444 1884 nunc
483 1828 724 1882 dirutum
758 1845 774 1881 ε
823 1828 1042 1898 Condeja
1081 1828 1134 1879 la
1170 1831 1285 1895 veja
1300 1865 1319 1893 ,

302 1907 553 1963 Condexn
589 1920 756 1961 vetus.
782 1907 980 1960 Tribus
1013 1908 1082 1960 ab
1111 1925 1173 1960 en
1205 1907 1318 1960 leu-

301 1989 376 2041 cis
393 2029 409 2051 ,
461 2008 526 2041 ex
581 1987 724 2042 illius
767 1984 1054 2039 ruderibus
1099 1986 1318 2040 excitate

301 2086 440 2121 novt
459 2066 834 2132 conimbrica,
866 2066 1110 2119 Coimbra.
1137 2062 1317 2118 Hsnn.

382 2166 438 2217 7.
487 2146 728 2217 Collippo.
760 2147 884 2198 Vct.
933 2144 1082 2217 apud
1140 2144 1316 2198 Dalec.

307 2226 545 2297 Oli-cippo.
579 2228 657 2279 Ex
679 2228 792 2296 ejus
805 2224 976 2277 ruinis
999 2227 1166 2278 crevit
1189 2226 1319 2276 civi-

301 2319 380 2359 tas
400 2306 742 2370 Leirinensis‚
753 2307 931 2369 leit-ia,
939 2320 1056 2375 quo
1066 2304 1320 2374 Collippo

301 2404 438 2439 nova
473 2384 580 2440 dici
603 2396 795 2457 potest,
823 2384 962 2436 inter
988 2384 1322 2455 Olisiponem

303 2477 358 2537 et
395 2465 792 2518 conimbricam
810 2501 826 2527 ,
861 2463 917 2515 in
946 2480 1006 2515 en
1039 2462 1322 2516 Lusitania

303 2557 472 2617 parte,
485 2560 644 2616 quam
660 2538 1092 2596 Estremaduram
1110 2554 1318 2596 vocant.

303 2622 584 2694 Inscriptio
619 2621 862 2685 Gruteri,
883 2639 1004 2692 pag.
1037 2620 1147 2675 313
1163 2661 1178 2686 ‚
1203 2639 1322 2674 cor.-

305 2717 732 2756 urromsrvu.
774 2701 845 2753 Et
882 2717 1002 2771 pag.
1034 2699 1207 2762 1155,
1255 2718 1324 2753 nx

306 2797 610 2836 nvsxnnu.
685 2795 965 2833 mutent.
1029 2795 1323 2834 coturno-

307 2879 488 2914 nnnsr.
515 2859 580 2913 Η.
607 2872 660 2913 et
686 2858 786 2911 En.

389 2943 442 2996 8.
469 2939 848 2994 Ebmbritim.
879 2936 966 2991 Sic
985 2936 1128 3010 apud
1151 2937 1321 2992 Ortel.

307 3017 670 3074 Ebumbrieimn
686 3037 794 3072 uno
817 3018 1110 3084 vocabu103
1140 3019 1322 3072 Dslec.

309 3101 480 3154 Eburo
495 3141 511 3166 ,
541 3100 782 3161 Britt‘um5
821 3109 926 3151 vet.
967 3110 1140 3150 sutem
1173 3095 1318 3168 apud

307 3181 487 3233 Dalec.
505 3179 770 3232 Britoleum
782 3217 799 3245 ,
837 3177 924 3230 alii
945 3177 1201 3230 Brinicum
1220 3194 1320 3248 pro

308 3260 534 3313 Brite'um.
576 3257 774 3325 Hodie,
813 3269 874 3310 ut
903 3256 1182 3310 Harduino
1208 3256 1324 3328 pla-

308 3352 418 3402 cet,
447 3339 618 3392 Ebora
641 3339 702 3391 de
717 3337 987 3399 Ale-obaz«,
1021 3335 1201 3390 decem
1223 3337 1325 3390 cir·

309 3419 442 3473 citer
483 3419 650 3472 leucis
689 3437 719 3472 n
753 3419 916 3470 laea‘n'a
937 3457 953 3482 ,
994 3414 1324 3470 occidentem

307 3499 444 3553 inter
475 3509 530 3551 et
556 3496 851 3551 meridiem.
878 3496 980 3550 En.

391 3597 444 3648 9.
479 3577 860 3631 Promontorium
875 3615 890 3640 ,
908 3589 1006 3630 etc.
1033 3573 1207 3629 Hodie
1232 3575 1328 3630 Ca·

310 3659 371 3710 bo
385 3658 448 3710 de
465 3657 516 3710 la
527 3659 679 3722 Boea,
693 3657 856 3710 leucis
866 3667 1064 3730 septem
1081 3673 1110 3708 a
1130 3655 1327 3719 usbon,

310 3737 636 3791 occidentem
681 3755 879 3790 versus.
933 3735 1219 3789 Pelicerius
1265 3735 1324 3788 in

309 3817 452 3871 notis
482 3816 632 3870 MSS.
671 3835 795 3870 cum
831 3816 1105 3884 Pintiano,
1132 3816 1328 3869 Cassu-

311 3895 487 3962 bono,
527 3895 819 3962 Resendio,
861 3893 1220 3966 Salmasioque
1268 3895 1326 3948 in

315 3975 479 4029 Solin.
509 3996 564 4048 p.
609 3979 736 4047 276.
773 3975 970 4049 insigni
985 3993 1128 4028 nunc
1149 3991 1330 4046 errore

315 4053 546 4109 Plinium
563 4096 580 4122 ,
605 4069 659 4110 et
683 4056 834 4109 illum
855 4067 1060 4110 secutos
1087 4052 1330 4110 solinum

316 4133 766 4208 martianumque,
795 4151 1041 4206 magnum
1077 4151 1332 4205 promon-

1399 742 1578 839 quod
1632 742 1745 813 alii
1780 744 2135 813 Artabrum
2185 747 2417 843 appel·-

1401 951 1629 1015 torium,
1670 952 1781 1003 sive
1827 950 2225 1023 Olisiponense,
2276 953 2417 1010 idem

1399 1049 1522 1083 cum
1562 1030 1792 1083 Artabro
1830 1031 2150 1089 existimasse
2208 1035 2359 1089 aiunt
2404 1054 2419 1089 :

1399 1126 1703 1183 quanquam
1728 1110 1771 1163 si
1792 1126 1943 1164 error
1967 1123 2071 1177 est,
2103 1131 2212 1167 non
2237 1114 2294 1166 in
2316 1114 2421 1169 Pli-

1401 1190 1548 1243 nium
1573 1190 1777 1261 ipsum,
1800 1188 1966 1243 sedin
1990 1210 2080 1245 eos
2108 1194 2301 1264 conjici
2326 1214 2425 1267 po·

1401 1270 1508 1323 tius
1543 1270 1783 1340 oportuit
1801 1307 1816 1336 ,
1845 1288 1979 1342 quos
2013 1274 2127 1342 ejus
2151 1275 2420 1328 sententio

1403 1350 1635 1420 appellat
1653 1362 1909 1403 auctores.
1936 1350 2028 1404 Est
2046 1365 2222 1405 autem
2244 1353 2419 1407 simile

1400 1429 1534 1495 veri,
1553 1428 1650 1482 etsi
1672 1426 1728 1481 id
1752 1429 2184 1483 nullusVeterum
2208 1432 2418 1503 prodat,

1401 1524 1510 1562 esse
1584 1510 1871 1562 Artabrum
1939 1512 2369 1582 promontorium
2399 1550 2416 1578 ‚

1399 1600 1618 1659 sumpto
1658 1590 1727 1641 ab
1774 1588 1962 1642 incolis
2010 1590 2281 1658 Artabris,
2326 1605 2420 1645 aut

1401 1667 1526 1722 dato
1549 1668 1632 1721 his
1660 1668 1909 1732 nomine,
1930 1668 2064 1721 illud
2092 1669 2238 1741 quod
2264 1672 2423 1725 celti-

1402 1766 1524 1800 cum
1565 1765 1681 1819 cap.
1702 1764 1818 1819 sup.
1846 1746 2047 1801 Plinius
2073 1749 2425 1821 Pomponius-

1400 1844 1523 1899 que‚
1539 1828 1761 1881 Nerium
1777 1828 1979 1880 -Strabo
1994 1868 2009 1895 ,
2030 1846 2091 1881 sc
2112 1828 2422 1885 Ptolemans

1401 1920 1672 1960 vocarunt.
1705 1907 1908 1959 Verum
1937 1908 2037 1961 isto
2062 1905 2418 1963 disterminati

1403 1986 1602 2046 caelum.
1627 1998 1819 2047 terras,
1836 1987 2034 2053 maria,
2053 2006 2163 2039 non
2193 1989 2423 2059 Olisipo-

1401 2066 1581 2126 nensi,
1606 2063 1923 2137 atque-adeo
1964 2062 2180 2119 defendi
2211 2088 2239 2121 a
2266 2068 2422 2139 culpa

1403 2144 1637 2197 Plinium
1664 2146 1885 2197 minime
1908 2162 2093 2216 posse,
2132 2158 2193 2199 ut
2227 2148 2425 2200 Pelice-

1403 2224 1517 2275 rius
1544 2224 1743 2295 aliique
1782 2222 2143 2291 contendunt,
2179 2238 2287 2280 tam
2325 2226 2423 2279 fal-

1405 2318 1521 2355 sum
1555 2315 1634 2356 est
1668 2320 1827 2375 quam
1873 2302 2021 2375 quod
2069 2304 2421 2361 falsissimum.

1405 2381 1552 2447 Quid
1590 2380 1856 2454 Hispania
1905 2384 2047 2436 latus
2083 2397 2250 2450 esset,
2292 2385 2425 2457 quid

1407 2462 1552 2516 frons
1569 2500 1586 2527 ,
1631 2462 1875 2516 nesciisse
1924 2463 1961 2516 ii
2014 2463 2293 2519 videntur:
2326 2482 2425 2519 nos

1406 2560 1502 2596 suo
1529 2542 1654 2595 loco
1676 2542 2006 2615 aperuimus,
2026 2542 2424 2616 interpretatio-

1405 2640 1634 2693 nemque
1673 2635 1905 2675 nostrom
1938 2623 2049 2676 haee
2076 2624 2236 2676 Plinii
2265 2625 2425 2678 Pom·

1405 2701 1660 2773 poniique
1672 2701 1785 2754 locs
1805 2701 2011 2774 egregie
2025 2703 2423 2758 constabilinnt.

1406 2780 1505 2832 Ille
1527 2780 1671 2833 enim
1698 2780 1766 2834 de
1786 2781 1891 2834 hoc
1913 2781 2029 2853 ipso
2048 2784 2426 2852 promontorio

1409 2859 1805 2932 Olisiponensi,
1850 2860 1948 2912 lib.
1988 2863 2044 2912 11
2064 2901 2080 2927 ,
2120 2881 2238 2934 cop.
2273 2881 2378 2917 ιη
2410 2881 2424 2916 :

1413 2939 1871 2992 ..promontorium
1893 2941 2176 2992 Artabrum
2190 2980 2205 3005 ‚
2232 2942 2422 3014 inquit,

1409 3037 1517 3090 quo
1583 3019 1885 3089 longissime
1956 3020 2102 3073 frons
2160 3021 2429 3092 procurrit

1407 3097 1723 3169 Hispania.»
1756 3100 1825 3151 Et
1852 3097 1956 3152 hoc
1984 3099 2099 3169 ipso
2120 3099 2244 3153 libri
2272 3103 2429 3174 hujus

1408 3193 1523 3246 oop-
1585 3203 1608 3224 ι
1642 3178 2081 3231 promontorium
2137 3179 2353 3234 Sacrum
2398 3199 2429 3234 e

1409 3254 1581 3309 medis
1602 3275 1775 3329 prope
1805 3258 2071 3329 Hispaniae
2095 3258 2271 3314 fronte
2300 3279 2428 3333 pro·

1413 3335 1536 3391 silit.
1575 3359 1598 3383 n
1637 3334 1847 3402 Qtn'bus
1867 3339 2044 3390 verbis
2064 3339 2251 3408 prodit
2276 3357 2427 3412 aper·

1413 3416 1613 3469 tissime
1627 3417 1798 3470 tribus
1826 3417 2051 3470 omnino
2070 3418 2297 3473 frontem
2314 3437 2429 3474 eam

1414 3495 1553 3550 effici
1595 3495 1981 3567 promontoriis
2017 3515 2033 3551 τ
2080 3515 2111 3550 a
2152 3500 2422 3564 Junonio,

1413 3575 1558 3647 quod
1584 3587 1665 3629 est
1682 3575 1823 3630 cirea
1850 3575 2170 3630 Gaditanum
2202 3580 2393 3633 fretum
2410 3619 2427 3646 ,

1413 3655 1681 3726 incipere:
1719 3656 1778 3709 in
1802 3657 1991 3722 Sacro,
2016 3657 2167 3728 quod
2204 3659 2258 3712 S.
2288 3660 2429 3712 Vin·

1415 3736 1577 3788 centii
1611 3747 1844 3804 vocant,
1884 3753 1995 3789 csse
2031 3737 2295 3806 medinm,
2334 3741 2429 3794 ubi

1417 3828 1580 3886 eaput
1599 3816 1833 3887 Europa
1853 3817 2141 3871 statuitura
2164 3819 2431 3890 Dionysio

1414 3895 1624 3966 Perieg.
1648 3913 1703 3948 v.
1726 3896 1859 3949 562:
1880 3893 1947 3948 sd
1977 3897 2260 3950 Artabrum
2280 3896 2430 3951 deni·-

1415 3991 1522 4046 qne
1537 3973 1837 4046 longissime
1858 3993 2205 4048 procurrere,
2232 3977 2287 4031 in
2324 3994 2432 4050 quo

1417 4051 1637 4108 desinat.
1699 4053 1831 4107 Inde
1894 4073 2073 4110 versus
2132 4056 2433 4112 Gsllaecinm

1428 4134 1566 4188 fecto
1597 4135 1823 4188 circuitu
1840 4176 1854 4200 ,
1906 4131 2040 4188 latus
2082 4136 2320 4209 incipere
2360 4156 2435 4192 se·
