3300 5175
879 530 976 605 56

2734 448 2763 479 ἱ

1415 538 1494 606 C
1552 536 1927 607 PLINII
1956 539 2181 607 NAT.
2237 540 2496 609 HIST.

873 668 1080 752 tium,
1114 664 1423 761 idemque
1457 670 1937 803 amplissimum
1962 726 1981 757 ,
2024 671 2566 744 Massalioticum.
2602 672 2775 739 Sunt
2799 682 3033 737 aucto-

875 798 1012 857 res,
1049 787 1118 841 et
1153 763 1626 845 Heracleam²⁸
1664 778 2035 873 oppidum
2018 804 2086 848 ιιι
2128 780 2301 849 ostio
2332 776 2645 848 Rhodani
2690 776 2915 846 fuisse·

981 878 1238 949 Ultra²⁹
1242 881 1484 969 ,fossae
1511 908 1592 952 ex
1619 884 1952 956 Rhodano
1982 888 2061 957 C.
2090 888 2290 956 Marii
2326 909 2565 981 opere,
2594 894 2668 953 et
2686 866 3029 959 nomine&

959 1092 1050 1147 28.
1075 1092 1128 1145 E
1130 1104 1152 1142 e
1172 1091 1478 1146 Heracleam.
1503 1094 1631 1147 Hoc
1653 1083 1902 1165 Ϊῖράιαεια.
1988 1095 2091 1149 cile
2102 1094 2205 1149 erit
2224 1094 2282 1148 in
2298 1096 2435 1149 fossa
2451 1095 2540 1148 cui
2558 1112 2755 1147 nomen
2774 1104 2853 1145 est
2866 1091 3036 1145 Can-1

875 1177 1118 1232 Κελτικῆς
1167 1170 1455 1244 Stephano.
1497 1174 1562 1225 In
1612 1192 1740 1243 agro
1784 1194 1905 1227 san·
1988 1176 2053 1228 de
2063 1178 2345 1246 navigau'on
2356 1175 2564 1228 d'Arles
2578 1194 2645 1226 au
2654 1186 2773 1245 port
2790 1172 2851 1224 de
2863 1172 3025 1235 Bone,

875 1251 1224 1322 Remigiano,
1250 1270 1420 1324 prope
1447 1251 1710 1325 oppidum
1732 1252 1788 1307 S.
1813 1256 1907 1307 Ro-

877 1348 988 1403 my,
1037 1331 1343 1404 ostiumque
1407 1332 1659 1386 Rhodani
1712 1335 1906 1406 Hispa·

875 1410 1093 1474 niense,
1124 1424 1338 1483 reperta
1361 1412 1638 1484 inscriptio
1653 1450 1673 1478 ,
1702 1414 1913 1485 princi-

876 1502 1008 1561 patu
1047 1490 1226 1545 Caroli
1257 1492 1331 1556 V,
1370 1492 1699 1547 Francorum
1738 1494 1908 1565 regis,

879 1569 1098 1623 electam
1117 1568 1273 1625 docet
1290 1571 1357 1623 ab
1377 1573 1651 1644 Ataulpho
1666 1574 1909 1645 principe

883 1650 1172 1703 Heracleam
1199 1654 1248 1703 ἱη
1271 1652 1439 1721 Regia.-
1457 1656 1719 1724 mcjestatis·
1734 1654 1905 1707 sedem.

883 1728 970 1780 Ibi
1018 1730 1178 1801 igitur
1217 1730 1382 1783 fuisse
1421 1733 1553 1785 olim
1600 1733 1909 1786 Heracleam

885 1821 1066 1879 putat,
1113 1810 1208 1881 qui
1265 1810 1451 1864 recitat
1507 1812 1911 1885 inscriptionem

882 1907 999 1942 eam
1039 1900 1206 1943 totam
1245 1891 1452 1945 Honor.
1489 1910 1705 1945 noucun
1724 1931 1739 1958 ,
1771 1894 1908 1946 Hist.

884 1969 1043 2022 Prov.
1072 1969 1168 2023 lib.
1189 1971 1276 2035 11,
1293 1971 1369 2023 Ic.
1401 1972 1464 2037 5,
1489 1990 1546 2043 p.
1571 1972 1911 2026 158.Verum

883 2046 1047 2102 distat
1075 2068 1200 2121 ager
1227 2050 1318 2103 ille
1348 2050 1823 2124 San-Remigianus
1846 2052 1915 2105 ab

886 2132 1010 2181 ostio
1041 2130 1304 2191 Rhodani,
1337 2130 1394 2182 in
1419 2150 1529 2204 quo
1558 2132 1721 2185 fuisse
1746 2134 1914 2185 Hera·

887 2207 1052 2261 oleam
1081 2221 1355 2274 auctores,
1387 2222 1516 2264 teste
1546 2212 1752 2273 Plinio,
1790 2230 1915 2282 pro·

887 2285 1090 2343 didere.
1119 2288 1186 2341 H.
1211 2320 1288 2332 —-
1308 2288 1453 2343 Vide
1479 2304 1661 2344 notam
1687 2310 1779 2344 aa.
1810 2293 1914 2345 En.

971 2388 1062 2437 ²9·
1093 2369 1237 2421 Ultra
1254 2408 1268 2431 ,
1282 2370 1436 2436 sossoe
1455 2390 1514 2421 ex
1537 2371 1795 2435 Rhodano,
1812 2383 1916 2424 ctc.

889 2447 1013 2500 Vct.
1055 2466 1140 2519 ap.
1159 2448 1336 2501 Dalec.
1360 2451 1487 2501 alera
1495 2451 1684 2517 fossam
1702 2472 1763 2503 ea:
1782 2451 1918 2503 Rho-

889 2527 1037 2580 dano.
1094 2528 1318 2580 Ptolem.
1369 2528 1463 2582 lib.
1513 2529 1599 2596 11,
1645 2548 1763 2602 cap.
1817 2547 1917 2597 xo,

889 2610 1081 2661 Φόσσαι
1101 2608 1354 2678 Μαριάναι
1367 2647 1382 2673 ,
1397 2627 1530 2680 quas
1543 2609 1761 2679 quidem
1780 2612 1920 2665 male

889 2685 958 2740 ad
975 2685 1220 2740 Rhodani
1230 2685 1558 2740 occidentem
1571 2689 1740 2760 ponit,
1752 2707 1919 2760 quum

894 2777 1038 2817 certe
1080 2764 1148 2818 ad
1190 2766 1451 2819 orientem
1495 2767 1759 2837 ponenda
1798 2769 1918 2823 sint.

893 2845 1126 2911 Solinus,
1151 2863 1268 2917 cap.
1291 2847 1375 2905 11.
1401 2865 1520 2916 pag.
1557 2865 1659 2915 17:
1680 2848 1775 2900 «C.
1802 2847 1919 2901 Ma-

892 2925 1034 2988 rius,
1063 2925 1208 2977 hello
1239 2925 1510 2978 Cimbrico
1527 2959 1544 2984 ‚
1577 2926 1729 2979 factis
1757 2945 1919 2980 manu

891 3003 1045 3056 fossis
1077 3003 1323 3058 invitavit
1347 3020 1525 3056 mare:
1549 3004 1924 3075 perniciosam·

894 3101 1000 3153 que
1042 3083 1295 3137 ferventis
1339 3082 1587 3138 Rhodani
1627 3085 1921 3156 navigatio-

893 3179 1020 3213 nem
1039 3164 1368 3234 temperavit.
1380 3189 1403 3211 ι
1425 3163 1659 3216 Maxime
1678 3165 1836 3218 varin
1852 3163 1923 3220 de

896 3239 1150 3294 Marianis
1164 3242 1314 3296 fossis
1333 3241 1615 3296 doctorum
1637 3243 1785 3297 suere
1805 3245 1922 3316 opi·

895 3319 1086 3372 niones
1109 3358 1124 3384 ‚
1188 3323 1381 3392 quibus
1425 3321 1722 3376 referendis
1770 3324 1921 3378 locus

897 3395 1075 3462 deest;
1115 3399 1450 3454 Harduinum
1488 3414 1664 3454 tamen
1696 3421 1805 3456 non
1834 3423 1918 3458 re·-

894 3475 1230 3549 prehendere
1243 3498 1352 3532 non
1362 3499 1572 3550 possum
1581 3520 1594 3546 ,
1603 3481 1694 3551 qui
1710 3501 1795 3534 eas
1811 3481 1920 3537 duo

897 3555 1178 3609 orientalia
1197 3558 1354 3610 fuisse
1371 3557 1618 3613 Rhodani
1641 3561 1773 3613 ostia
1792 3580 1922 3614 con-

898 3633 1106 3700 tendit,
1129 3647 1416 3707 posteaque
1459 3637 1507 3689 ei
1527 3675 1544 3702 ‚
1576 3637 1724 3709 quod
1761 3641 1925 3710 magis

897 3714 1161 3767 orientale
1178 3726 1256 3768 est
1268 3753 1283 3780 ,
1303 3716 1609 3788 impositum
1632 3717 1924 3772 fuisseAre-

895 3794 1004 3847 late
1030 3793 1412 3860 Sextanorum,
1396 3812 1410 3827 ·
1431 3792 1558 3860 sed,
1585 3795 1628 3848 si
1651 3797 1767 3849 haec
1788 3798 1923 3852 ostia

899 3890 930 3924 a
960 3873 1134 3926 Mario
1161 3890 1324 3925 manu
1359 3873 1491 3926 facta
1517 3875 1767 3938 fuerunt,
1790 3875 1923 3947 quid

898 3965 1081 4016 antea,
1095 3953 1246 4006 utait
1273 3971 1311 4004 n
1316 3954 1608 4022 murina,
1633 3953 1924 4010 Rhodanus

897 4029 1002 4082 fnit
1017 4030 1042 4082 Ρ
1059 4031 1294 4086 Cuilibet
1312 4045 1489 4085 autem
1517 4030 1805 4086 doctissimi
1821 4035 1924 4089 viri

900 4107 1118 4162 Cassuu
1155 4111 1341 4164 Galliae
1385 4129 1632 4182 mappam
1679 4111 1923 4166 conside-

898 4187 1037 4242 ranti
1059 4207 1341 4261 agnoscere
1367 4190 1528 4244 fossas
1553 4191 1817 4247 Marianas
1848 4194 1923 4246 fa-

1994 1273 2113 1327 quoe
2135 1253 2357 1327 quidem
2375 1256 2508 1307 fossa
2529 1273 2559 1308 a
2574 1252 2862 1317 Rhodano,
2874 1253 3031 1323 juxta

1994 1335 2203 1389 Arelate
2226 1372 2244 1398 ‚
2299 1334 2539 1408 profecta
2590 1333 2803 1386 flumini
2852 1331 3031 1383 vicina

1992 1416 2260 1487 primum,
2284 1412 2483 1469 deinde
2504 1414 2723 1486 paulum
2756 1413 2825 1466 ab
2856 1430 2922 1464 eo
2946 1428 3037 1463 re·

1994 1492 2219 1561 calens,
2258 1514 2357 1567 per
2395 1507 2672 1565 stagnum,
2712 1492 2803 1547 cui
2829 1507 3033 1544 nomen

1996 1588 2073 1628 est
2107 1576 2286 1645 Etang
2313 1575 2375 1627 de
2404 1574 2651 1645 Gale‘jon,
2689 1570 3035 1644 producitur,

1996 1672 2059 1707 ex
2088 1674 2259 1727 eoque
2291 1672 2492 1739 egressa
2532 1652 2691 1707 maris
2727 1652 2879 1705 littus
2920 1667 3036 1701 am·

1996 1734 2101 1797 bit,
2123 1726 2502 1807 tandemque
2485 1754 2542 1787 ιιι
2575 1734 2753 1786 sinum
2784 1728 3037 1803 pervenit

1994 1814 2181 1885 gallice
2220 1815 2347 1866 Pon-e
2395 1814 2457 1866 de
2500 1814 2640 1866 Bouc
2682 1823 2930 1865 vocatum
2982 1818 3039 1860 et

1997 1912 2121 1946 cum
2176 1907 2360 1965 stagno
2421 1892 2799 1958 Mastramela,
2870 1886 3039 1941 hodie

2000 1974 2176 2044 Etoeng
2192 1974 2254 2026 de
2270 1974 2423 2027 ch
2444 1986 2492 2026 et
2510 1974 2571 2026 de
2598 1972 2908 2041 Mar-lignes,
2938 1984 3039 2040 per

2000 2064 2241 2125 stagnum
2271 2053 2447 2117 aliud,
2490 2054 2580 2106 eui
2615 2053 2797 2121 Etang
2826 2049 2891 2101 de
2934 2048 3043 2101 Ca-

2001 2146 2137 2185 rome
2150 2152 2347 2186 nomen
2368 2145 2467 2197 est,
2484 2134 2854 2204 conjunctum.
2868 2124 3041 2193 Quod

2001 2225 2175 2265 autern
2220 2226 2463 2285 stagnum
2512 2215 2689 2281 Etang
2725 2211 2789 2263 de
2824 2209 3041 2302 Gale'jon

2002 2305 2253 2345 vocatum
2284 2294 2528 2365 superius
2553 2292 2790 2345 diximus
2808 2326 2827 2353 ,
2861 2289 3043 2360 ipsum

2005 2390 2129 2425 cum
2159 2372 2293 2425 mari
2319 2372 2599 2425 meridiem
2640 2388 2826 2424 versus
2863 2366 3045 2441 jungi-

2004 2462 2113 2513 tur,
2148 2462 2201 2504 et
2230 2452 2665 2521 septemtrionem
2706 2464 2895 2503 versus
2916 2462 3045 2500 cum

2004 2542 2187 2602 stagno
2214 2529 2356 2598 dio,
2386 2530 2473 2584 eui
2506 2548 2705 2583 nomen
2737 2530 2923 2598 Etang
2958 2524 3043 2577 des

2006 2610 2215 2665 Laudes.
2266 2613 2386 2664 Hoc
2429 2625 2609 2664 autem
2654 2623 2903 2681 stagnum
2958 2606 3045 2658 dee

2006 2690 2199 2743 Laudes
2226 2689 2499 2762 duplicem
2521 2691 2715 2744 fossam
2732 2729 2749 2756 ,
2781 2705 2903 2760 qua
2930 2687 3043 2757 ipsa

2007 2786 2131 2822 cum
2182 2768 2446 2824 Rhodano
2492 2770 2843 2841 conjungitur
2892 2769 3045 2838 juxta

2006 2847 2269 2919 oppidum
2290 2850 2509 2903 Arelate
2525 2849 2736 2920 recipit.
2756 2846 2924 2900 Haud
2948 2843 3045 2898 du·

2009 2928 2158 2980 bium
2191 2947 2303 2982 esse
2330 2929 2465 2982 mihi
2492 2926 2710 2982 videtur
2748 2929 2893 2999 quin·
2940 2924 3047 2977 sint

2010 3007 2159 3062 soum
2182 3026 2367 3062 omnes
2395 3011 2539 3074 istae,
2564 3008 2607 3061 si
2634 3027 2748 3061 non
2772 3009 2907 3078 ipso
2928 3007 3047 3058 Ma·

2006 3087 2193 3149 rianoe,
2220 3101 2270 3140 at
2287 3088 2473 3141 saltem
2482 3088 2867 3141 Uarianarum
2887 3084 3047 3138 vesti-

2006 3165 2108 3236 gia.
2140 3167 2353 3221 Nomen
2397 3167 2579 3240 ipsum
2630 3168 2759 3219 Por-t
2803 3168 2869 3220 dc
2904 3165 3047 3218 Boua

2007 3245 2157 3299 fosso
2176 3248 2371 3300 ostium
2396 3246 2635 3300 indicare
2659 3246 2907 3309 videtum
2926 3262 3048 3297 ver·

2006 3325 2138 3378 bum
2152 3326 2294 3378 enim
2316 3326 2569 3397 gallicum
2582 3327 2723 3380 Bone
2742 3344 2837 3380 seu
2849 3324 3049 3378 Bouchae

2007 3404 2166 3457 latine
2210 3412 2380 3458 ostium
2411 3419 2508 3459 est.
2541 3406 2622 3458 Ex
2669 3425 2835 3478 supra
2889 3403 3048 3458 dictis

2008 3484 2164 3536 etiam
2182 3503 2278 3538 cur
2298 3485 2493 3556 plurali
2514 3504 2748 3540 numero
2760 3487 2922 3554 sossoe
2936 3483 3051 3536 Ma-

2010 3566 2193 3624 riana-5
2229 3583 2337 3617 non
2362 3577 2539 3618 autem
2557 3567 2703 3633 fossa
2721 3566 2994 3628 Mariana,
3019 3582 3048 3615 a

2010 3641 2207 3694 Nostro
2243 3657 2439 3696 vocata
2469 3645 2607 3712 sint,
2636 3645 2857 3716 agnosci
2892 3643 3051 3697 facile

2011 3733 2196 3792 potest.
2222 3723 2330 3777 En.

2092 3800 2187 3854 3ο.
2246 3803 2453 3856 Nomine
2500 3809 2714 3874 insignes
2742 3824 2763 3857 .·
2806 3803 3053 3874 Stagnum

2008 3879 2323 3934 Mastramela
2359 3903 2379 3936 .·
2418 3885 2665 3954 oppidum.
2710 3884 2801 3936 Sic
2845 3884 3054 3955 legebat

2012 3957 2279 4026 Ortelius3
2306 3961 2451 4033 apud
2479 3964 2661 4017 Dalec.
2692 3982 2827 4016 vero
2852 3976 2908 4017 ct
2936 3962 3052 4015 Elz.

2010 4038 2219 4090 Nomine
2246 4045 2433 4111 insigne
2458 4055 2687 4114 stagnum
2711 4059 2727 4095 :
2764 4044 3055 4096 Asemmela

2010 4118 2233 4187 oppidum
2249 4160 2265 4183 ,
2294 4134 2392 4174 etc.
2412 4121 2757 4194 Efflagitabat
2779 4123 2969 4175 Dalec.
2996 4132 3073 4190 ut,

2011 4211 2388 4267 reponeretur,
2416 4201 2625 4254 Nomine
2650 4205 2834 4256 Latera
2864 4206 3057 4272 insigne
