<?xml version="1.0" encoding="UTF-8"?>
<!DOCTYPE html PUBLIC "-//W3C//DTD XHTML 1.0 Transitional//EN"
    "http://www.w3.org/TR/xhtml1/DTD/xhtml1-transitional.dtd">
<html xmlns="http://www.w3.org/1999/xhtml" xml:lang="en" lang="en">
 <head>
  <title>
</title>
<meta http-equiv="Content-Type" content="text/html;charset=utf-8" />
  <meta name='ocr-system' content='tesseract 3.04.00' />
  <meta name='ocr-capabilities' content='ocr_page ocr_carea ocr_par ocr_line ocrx_word'/>
</head>
<body>
  <div class='ocr_page' id='page_1' title='image "./caiipliniisecun02hardgoog_0201.png"; bbox 0 0 3300 5175; ppageno 0'>
   <div class='ocr_carea' id='block_1_1' title="bbox 1223 581 1756 650">
    <p class='ocr_par' dir='ltr' id='par_1_1' title="bbox 1223 581 1756 650">
     <span class='ocr_line' id='line_1_1' title="bbox 1223 581 1756 650; baseline -0.006 -2"><span class='ocrx_word' id='word_1_1' title='bbox 1223 581 1538 650; x_wconf 86' lang='lat' dir='ltr'>LIBER</span> <span class='ocrx_word' id='word_1_2' title='bbox 1604 583 1756 650; x_wconf 93' lang='lat' dir='ltr'><strong>III.</strong></span> 
     </span>
    </p>
   </div>
   <div class='ocr_carea' id='block_1_2' title="bbox 2396 582 2540 681">
    <p class='ocr_par' dir='ltr' id='par_1_2' title="bbox 2396 582 2540 681">
     <span class='ocr_line' id='line_1_2' title="bbox 2396 582 2540 681; baseline 0.021 -27"><span class='ocrx_word' id='word_1_3' title='bbox 2396 582 2540 681; x_wconf 87' lang='lat'>189</span> 
     </span>
    </p>
   </div>
   <div class='ocr_carea' id='block_1_3' title="bbox 427 709 2538 1018">
    <p class='ocr_par' dir='ltr' id='par_1_3' title="bbox 427 709 2538 1018">
     <span class='ocr_line' id='line_1_3' title="bbox 428 709 2538 809; baseline 0.004 -29"><span class='ocrx_word' id='word_1_4' title='bbox 428 711 608 780; x_wconf 82' lang='lat' dir='ltr'>niam</span> <span class='ocrx_word' id='word_1_5' title='bbox 648 710 732 779; x_wconf 92' lang='lat' dir='ltr'>ab</span> <span class='ocrx_word' id='word_1_6' title='bbox 759 709 953 780; x_wconf 85' lang='lat' dir='ltr'>Italia</span> <span class='ocrx_word' id='word_1_7' title='bbox 982 709 1379 780; x_wconf 81' lang='lat' dir='ltr'>submovent</span> <span class='ocrx_word' id='word_1_8' title='bbox 1407 736 1424 779; x_wconf 76' lang='grc' dir='ltr'><strong><em>ε</em></strong></span> <span class='ocrx_word' id='word_1_9' title='bbox 1456 735 1581 780; x_wconf 90' lang='lat' dir='ltr'>nec</span> <span class='ocrx_word' id='word_1_10' title='bbox 1608 736 1739 780; x_wconf 79' lang='lat' dir='ltr'>Lxx</span> <span class='ocrx_word' id='word_1_11' title='bbox 1774 735 1852 783; x_wconf 79' lang='grc' dir='ltr'>Μ.</span> <span class='ocrx_word' id='word_1_12' title='bbox 1874 712 2138 808; x_wconf 87' lang='lat' dir='ltr'>explent</span> <span class='ocrx_word' id='word_1_13' title='bbox 2165 713 2410 809; x_wconf 88' lang='lat' dir='ltr'>reliqua</span> <span class='ocrx_word' id='word_1_14' title='bbox 2438 721 2538 788; x_wconf 90' lang='lat' dir='ltr'>sui</span> 
     </span>
     <span class='ocr_line' id='line_1_4' title="bbox 427 815 2538 912; baseline 0.003 -25"><span class='ocrx_word' id='word_1_15' title='bbox 427 832 615 912; x_wconf 87' lang='lat' dir='ltr'>parte</span> <span class='ocrx_word' id='word_1_16' title='bbox 644 815 951 911; x_wconf 85' lang='lat' dir='ltr'><strong>graciles,</strong></span> <span class='ocrx_word' id='word_1_17' title='bbox 980 815 1185 885; x_wconf 86' lang='lat' dir='ltr'>veluti</span> <span class='ocrx_word' id='word_1_18' title='bbox 1218 830 1469 885; x_wconf 84' lang='lat' dir='ltr'>naturae</span> <span class='ocrx_word' id='word_1_19' title='bbox 1491 816 1921 912; x_wconf 85' lang='lat' dir='ltr'>providentia.</span> <span class='ocrx_word' id='word_1_20' title='bbox 1954 820 2265 890; x_wconf 86' lang='lat' dir='ltr'>Latitudo</span> <span class='ocrx_word' id='word_1_21' title='bbox 2293 822 2498 894; x_wconf 80' lang='lat' dir='ltr'>Italiae</span> <span class='ocrx_word' id='word_1_22' title='bbox 2518 877 2538 912; x_wconf 93' lang='lat'>,</span> 
     </span>
     <span class='ocr_line' id='line_1_5' title="bbox 429 923 2537 1018; baseline 0.003 -27"><span class='ocrx_word' id='word_1_23' title='bbox 429 924 657 992; x_wconf 87' lang='lat' dir='ltr'>subter</span> <span class='ocrx_word' id='word_1_24' title='bbox 688 923 953 993; x_wconf 85' lang='lat' dir='ltr'><strong>radices</strong></span> <span class='ocrx_word' id='word_1_25' title='bbox 959 946 1185 991; x_wconf 91' lang='lat' dir='ltr'>earum</span> <span class='ocrx_word' id='word_1_26' title='bbox 1209 948 1248 992; x_wconf 87' lang='lat' dir='ltr'>a</span> <span class='ocrx_word' id='word_1_27' title='bbox 1268 925 1480 1010; x_wconf 88' lang='lat' dir='ltr'>Varo,</span> <span class='ocrx_word' id='word_1_28' title='bbox 1516 948 1636 1018; x_wconf 91' lang='lat' dir='ltr'>per</span> <span class='ocrx_word' id='word_1_29' title='bbox 1658 923 1828 992; x_wconf 87' lang='lat' dir='ltr'>vada</span> <span class='ocrx_word' id='word_1_30' title='bbox 1859 925 2152 1010; x_wconf 88' lang='lat' dir='ltr'>Sabatia,</span> <span class='ocrx_word' id='word_1_31' title='bbox 2180 929 2501 999; x_wconf 85' lang='lat' dir='ltr'>Taurinos</span> <span class='ocrx_word' id='word_1_32' title='bbox 2517 984 2537 1017; x_wconf 98' lang='lat'>,</span> 
     </span>
    </p>
   </div>
   <div class='ocr_carea' id='block_1_4' title="bbox 428 1017 2536 1165">
    <p class='ocr_par' dir='ltr' id='par_1_4' title="bbox 428 1017 2536 1165">
     <span class='ocr_line' id='line_1_6' title="bbox 428 1017 2536 1165; baseline 0.001 -67"><span class='ocrx_word' id='word_1_33' title='bbox 428 1031 756 1115; x_wconf 87' lang='lat' dir='ltr'>Comum,</span> <span class='ocrx_word' id='word_1_34' title='bbox 790 1028 1113 1165; x_wconf 85' lang='lat' dir='ltr'>Brixiam,</span> <span class='ocrx_word' id='word_1_35' title='bbox 1149 1031 1521 1116; x_wconf 82' lang='lat' dir='ltr'>Veronam,</span> <span class='ocrx_word' id='word_1_36' title='bbox 1553 1017 1938 1098; x_wconf 73' lang='lat' dir='ltr'>Vicetiam⁴⁴</span> <span class='ocrx_word' id='word_1_37' title='bbox 1948 1082 1969 1116; x_wconf 94' lang='lat'>,</span> <span class='ocrx_word' id='word_1_38' title='bbox 2012 1033 2536 1127; x_wconf 87' lang='lat' dir='ltr'>Opitergium,</span> 
     </span>
    </p>
   </div>
   <div class='ocr_carea' id='block_1_5' title="bbox 2449 1022 2500 1067">
    <p class='ocr_par' dir='ltr' id='par_1_5' title="bbox 2449 1022 2500 1067">
     <span class='ocr_line' id='line_1_7' title="bbox 2449 1022 2500 1067; baseline 0 -7"><span class='ocrx_word' id='word_1_39' title='bbox 2449 1022 2500 1067; x_wconf 65' lang='lat'>45</span> 
     </span>
    </p>
   </div>
   <div class='ocr_carea' id='block_1_6' title="bbox 424 1119 2534 2184">
    <p class='ocr_par' dir='ltr' id='par_1_6' title="bbox 426 1119 1963 1231">
     <span class='ocr_line' id='line_1_8' title="bbox 426 1119 1963 1231; baseline 0.001 -29"><span class='ocrx_word' id='word_1_40' title='bbox 426 1135 719 1222; x_wconf 81' lang='lat' dir='ltr'>Arsiam,</span> <span class='ocrx_word' id='word_1_41' title='bbox 746 1121 1071 1204; x_wconf 74' lang='lat' dir='ltr'>ncchv⁴</span> <span class='ocrx_word' id='word_1_42' title='bbox 1072 1119 1334 1202; x_wconf 79' lang='lat' dir='ltr'>⁶millia</span> <span class='ocrx_word' id='word_1_43' title='bbox 1358 1159 1669 1228; x_wconf 87' lang='lat' dir='ltr'>passuum</span> <span class='ocrx_word' id='word_1_44' title='bbox 1689 1133 1963 1231; x_wconf 76' lang='lat' dir='ltr'>colligit.</span> 
     </span>
    </p>

    <p class='ocr_par' dir='ltr' id='par_1_7' title="bbox 424 1230 2534 2184">
     <span class='ocr_line' id='line_1_9' title="bbox 528 1230 2534 1370; baseline 0.003 -62"><span class='ocrx_word' id='word_1_45' title='bbox 528 1242 784 1310; x_wconf 89' lang='lat' dir='ltr'><strong>XXIV.</strong></span> <span class='ocrx_word' id='word_1_46' title='bbox 828 1230 995 1330; x_wconf 87' lang='lat' dir='ltr'>(xx.)</span> <span class='ocrx_word' id='word_1_47' title='bbox 1030 1239 1273 1309; x_wconf 85' lang='lat' dir='ltr'>Incolae</span> <span class='ocrx_word' id='word_1_48' title='bbox 1294 1238 1563 1335; x_wconf 86' lang='lat' dir='ltr'>Alpium</span> <span class='ocrx_word' id='word_1_49' title='bbox 1598 1240 1788 1310; x_wconf 89' lang='lat' dir='ltr'>multi</span> <span class='ocrx_word' id='word_1_50' title='bbox 1815 1239 2071 1370; x_wconf 82' lang='lat' dir='ltr'>populi,</span> <span class='ocrx_word' id='word_1_51' title='bbox 2106 1240 2220 1310; x_wconf 81' lang='lat' dir='ltr'>sed</span> <span class='ocrx_word' id='word_1_52' title='bbox 2255 1241 2534 1315; x_wconf 86' lang='lat' dir='ltr'>illustres</span> 
     </span>
     <span class='ocr_line' id='line_1_10' title="bbox 427 1344 2532 1440; baseline 0.002 -26"><span class='ocrx_word' id='word_1_53' title='bbox 427 1370 466 1414; x_wconf 94' lang='lat' dir='ltr'>a</span> <span class='ocrx_word' id='word_1_54' title='bbox 483 1345 640 1414; x_wconf 92' lang='lat' dir='ltr'>Pola</span> <span class='ocrx_word' id='word_1_55' title='bbox 658 1344 743 1415; x_wconf 92' lang='lat' dir='ltr'>ad</span> <span class='ocrx_word' id='word_1_56' title='bbox 770 1346 1098 1440; x_wconf 85' lang='lat' dir='ltr'>Tergestis</span> <span class='ocrx_word' id='word_1_57' title='bbox 1124 1347 1456 1440; x_wconf 85' lang='lat' dir='ltr'>regionem</span> <span class='ocrx_word' id='word_1_58' title='bbox 1489 1345 1835 1416; x_wconf 85' lang='lat' dir='ltr'>Secusses¹</span> <span class='ocrx_word' id='word_1_59' title='bbox 1842 1346 2264 1434; x_wconf 90' lang='lat' dir='ltr'>,Subocrini,</span> <span class='ocrx_word' id='word_1_60' title='bbox 2284 1349 2532 1436; x_wconf 85' lang='lat' dir='ltr'>Catali,</span> 
     </span>
     <span class='ocr_line' id='line_1_11' title="bbox 426 1401 2534 1549; baseline 0.002 -29"><span class='ocrx_word' id='word_1_61' title='bbox 426 1450 876 1538; x_wconf 88' lang='lat' dir='ltr'>Monocaleni,</span> <span class='ocrx_word' id='word_1_62' title='bbox 907 1451 1225 1546; x_wconf 85' lang='lat' dir='ltr'>juxtaque</span> <span class='ocrx_word' id='word_1_63' title='bbox 1269 1455 1523 1522; x_wconf 86' lang='lat' dir='ltr'>Carnos</span> <span class='ocrx_word' id='word_1_64' title='bbox 1571 1401 1903 1547; x_wconf 82' lang='lat' dir='ltr'>quondain</span> <span class='ocrx_word' id='word_1_65' title='bbox 1944 1454 2260 1522; x_wconf 86' lang='lat' dir='ltr'>Taurusci</span> <span class='ocrx_word' id='word_1_66' title='bbox 2310 1454 2534 1549; x_wconf 88' lang='lat' dir='ltr'>appel·</span> 
     </span>
     <span class='ocr_line' id='line_1_12' title="bbox 426 1544 2534 1648; baseline 0.003 -24"><span class='ocrx_word' id='word_1_67' title='bbox 426 1554 574 1644; x_wconf 89' lang='lat' dir='ltr'>lati,</span> <span class='ocrx_word' id='word_1_68' title='bbox 614 1582 791 1627; x_wconf 90' lang='lat' dir='ltr'>nunc</span> <span class='ocrx_word' id='word_1_69' title='bbox 827 1553 1110 1627; x_wconf 84' lang='lat' dir='ltr'>N0r1c1.</span> <span class='ocrx_word' id='word_1_70' title='bbox 1164 1559 1285 1626; x_wconf 91' lang='lat' dir='ltr'>His</span> <span class='ocrx_word' id='word_1_71' title='bbox 1342 1559 1734 1628; x_wconf 88' lang='lat' dir='ltr'>contermini</span> <span class='ocrx_word' id='word_1_72' title='bbox 1767 1544 2024 1628; x_wconf 82' lang='lat' dir='ltr'>Rhaeti³</span> <span class='ocrx_word' id='word_1_73' title='bbox 2059 1549 2128 1628; x_wconf 81' lang='lat' dir='ltr'>et</span> <span class='ocrx_word' id='word_1_74' title='bbox 2168 1558 2534 1648; x_wconf 88' lang='lat' dir='ltr'>Vindelici,</span> 
     </span>
     <span class='ocr_line' id='line_1_13' title="bbox 425 1652 2534 1798; baseline 0.002 -67"><span class='ocrx_word' id='word_1_75' title='bbox 425 1688 653 1732; x_wconf 89' lang='lat' dir='ltr'>omnes</span> <span class='ocrx_word' id='word_1_76' title='bbox 686 1664 754 1731; x_wconf 91' lang='lat' dir='ltr'>in</span> <span class='ocrx_word' id='word_1_77' title='bbox 778 1661 1015 1733; x_wconf 88' lang='lat' dir='ltr'>multas</span> <span class='ocrx_word' id='word_1_78' title='bbox 1041 1663 1336 1733; x_wconf 83' lang='lat' dir='ltr'>civitates</span> <span class='ocrx_word' id='word_1_79' title='bbox 1361 1663 1567 1733; x_wconf 89' lang='lat' dir='ltr'>divisi.</span> <span class='ocrx_word' id='word_1_80' title='bbox 1592 1652 1903 1734; x_wconf 78' lang='lat' dir='ltr'>Rhaet0s⁴</span> <span class='ocrx_word' id='word_1_81' title='bbox 1933 1664 2348 1734; x_wconf 90' lang='lat' dir='ltr'>Thuscorum</span> <span class='ocrx_word' id='word_1_82' title='bbox 2382 1692 2534 1798; x_wconf 61' lang='lat' dir='ltr'>pro;</span> 
     </span>
     <span class='ocr_line' id='line_1_14' title="bbox 426 1760 2530 1864; baseline 0.003 -28"><span class='ocrx_word' id='word_1_83' title='bbox 426 1766 553 1838; x_wconf 87' lang='lat' dir='ltr'>lem</span> <span class='ocrx_word' id='word_1_84' title='bbox 608 1769 1051 1857; x_wconf 88' lang='lat' dir='ltr'>arbitrantur,</span> <span class='ocrx_word' id='word_1_85' title='bbox 1090 1794 1131 1838; x_wconf 90' lang='lat' dir='ltr'>a</span> <span class='ocrx_word' id='word_1_86' title='bbox 1184 1768 1390 1840; x_wconf 89' lang='lat' dir='ltr'>Gallis</span> <span class='ocrx_word' id='word_1_87' title='bbox 1447 1769 1671 1864; x_wconf 90' lang='lat' dir='ltr'>pulsos</span> <span class='ocrx_word' id='word_1_88' title='bbox 1733 1769 1900 1838; x_wconf 91' lang='lat' dir='ltr'>duce</span> <span class='ocrx_word' id='word_1_89' title='bbox 1955 1771 2210 1840; x_wconf 81' lang='lat' dir='ltr'>Rhaeto.</span> <span class='ocrx_word' id='word_1_90' title='bbox 2268 1760 2530 1842; x_wconf 84' lang='lat' dir='ltr'>Verso⁵</span> 
     </span>
     <span class='ocr_line' id='line_1_15' title="bbox 425 1860 2534 1997; baseline 0.003 -54"><span class='ocrx_word' id='word_1_91' title='bbox 425 1873 660 1944; x_wconf 91' lang='lat' dir='ltr'>deinde</span> <span class='ocrx_word' id='word_1_92' title='bbox 709 1860 1001 1945; x_wconf 85' lang='lat' dir='ltr'>Italiam⁶</span> <span class='ocrx_word' id='word_1_93' title='bbox 1074 1890 1342 1970; x_wconf 88' lang='lat' dir='ltr'>pectore</span> <span class='ocrx_word' id='word_1_94' title='bbox 1398 1874 1664 1971; x_wconf 88' lang='lat' dir='ltr'>Alpium</span> <span class='ocrx_word' id='word_1_95' title='bbox 1681 1929 1701 1964; x_wconf 96' lang='lat'>,</span> <span class='ocrx_word' id='word_1_96' title='bbox 1756 1873 1966 1944; x_wconf 93' lang='lat' dir='ltr'>latini</span> <span class='ocrx_word' id='word_1_97' title='bbox 1996 1879 2160 1970; x_wconf 87' lang='lat' dir='ltr'>juris</span> <span class='ocrx_word' id='word_1_98' title='bbox 2204 1879 2534 1997; x_wconf 68' lang='lat' dir='ltr'>Euganeae</span> 
     </span>
     <span class='ocr_line' id='line_1_16' title="bbox 427 1981 2534 2077; baseline 0.002 -28"><span class='ocrx_word' id='word_1_99' title='bbox 427 1995 652 2074; x_wconf 85' lang='lat' dir='ltr'>gentes</span> <span class='ocrx_word' id='word_1_100' title='bbox 684 2035 704 2070; x_wconf 97' lang='lat'>,</span> <span class='ocrx_word' id='word_1_101' title='bbox 757 2006 1035 2074; x_wconf 90' lang='lat' dir='ltr'>quarum</span> <span class='ocrx_word' id='word_1_102' title='bbox 1082 1981 1327 2077; x_wconf 87' lang='lat' dir='ltr'>oppida</span> <span class='ocrx_word' id='word_1_103' title='bbox 1388 2006 1594 2051; x_wconf 75' lang='lat' dir='ltr'>xxxiv</span> <span class='ocrx_word' id='word_1_104' title='bbox 1661 1997 2004 2052; x_wconf 73' lang='lat' dir='ltr'>enumerat</span> <span class='ocrx_word' id='word_1_105' title='bbox 2068 1985 2259 2052; x_wconf 83' lang='lat' dir='ltr'>Cato</span> <span class='ocrx_word' id='word_1_106' title='bbox 2303 1985 2407 2052; x_wconf 84' lang='lat' dir='ltr'>Ex</span> <span class='ocrx_word' id='word_1_107' title='bbox 2459 1986 2534 2054; x_wconf 88' lang='lat' dir='ltr'>iis</span> 
     </span>
     <span class='ocr_line' id='line_1_17' title="bbox 424 2084 2530 2184; baseline 0.003 -31"><span class='ocrx_word' id='word_1_108' title='bbox 424 2084 899 2182; x_wconf 88' lang='lat' dir='ltr'>Triumpilini⁷,</span> <span class='ocrx_word' id='word_1_109' title='bbox 940 2086 1185 2157; x_wconf 83' lang='lat' dir='ltr'>venalis</span> <span class='ocrx_word' id='word_1_110' title='bbox 1225 2113 1379 2156; x_wconf 91' lang='lat' dir='ltr'>cum</span> <span class='ocrx_word' id='word_1_111' title='bbox 1419 2090 1595 2184; x_wconf 84' lang='lat' dir='ltr'>agris</span> <span class='ocrx_word' id='word_1_112' title='bbox 1630 2089 1764 2158; x_wconf 89' lang='lat' dir='ltr'>suis</span> <span class='ocrx_word' id='word_1_113' title='bbox 1819 2086 2107 2183; x_wconf 89' lang='lat' dir='ltr'>populus</span> <span class='ocrx_word' id='word_1_114' title='bbox 2146 2108 2162 2152; x_wconf 91' lang='lat'><strong>:</strong></span> <span class='ocrx_word' id='word_1_115' title='bbox 2203 2088 2354 2157; x_wconf 90' lang='lat' dir='ltr'>dein</span> <span class='ocrx_word' id='word_1_116' title='bbox 2394 2091 2530 2160; x_wconf 89' lang='lat' dir='ltr'>Ca-</span> 
     </span>
    </p>
   </div>
   <div class='ocr_carea' id='block_1_7' title="bbox 426 2269 1429 2402">
    <p class='ocr_par' dir='ltr' id='par_1_8' title="bbox 426 2269 1429 2402">
     <span class='ocr_line' id='line_1_18' title="bbox 504 2269 1429 2341; baseline 0.002 -19"><span class='ocrx_word' id='word_1_117' title='bbox 504 2274 597 2332; x_wconf 69' lang='grc'>44.</span> <span class='ocrx_word' id='word_1_118' title='bbox 646 2270 898 2323; x_wconf 72' lang='lat' dir='ltr'>Vicetiam.</span> <span class='ocrx_word' id='word_1_119' title='bbox 946 2270 1071 2324; x_wconf 79' lang='lat' dir='ltr'>Vet.</span> <span class='ocrx_word' id='word_1_120' title='bbox 1120 2286 1207 2341; x_wconf 82' lang='lat' dir='ltr'>ap.</span> <span class='ocrx_word' id='word_1_121' title='bbox 1250 2269 1429 2324; x_wconf 83' lang='lat' dir='ltr'>Dalec.</span> 
     </span>
     <span class='ocr_line' id='line_1_19' title="bbox 426 2347 877 2402; baseline 0.007 -3"><span class='ocrx_word' id='word_1_122' title='bbox 426 2347 485 2400; x_wconf 85' lang='lat' dir='ltr'><em>V</em></span> <span class='ocrx_word' id='word_1_123' title='bbox 478 2350 747 2402; x_wconf 70' lang='lat' dir='ltr'>iacentium.</span> <span class='ocrx_word' id='word_1_124' title='bbox 774 2349 877 2402; x_wconf 85' lang='lat' dir='ltr'>En.</span> 
     </span>
    </p>
   </div>
   <div class='ocr_carea' id='block_1_8' title="bbox 504 2426 1431 2502">
    <p class='ocr_par' dir='ltr' id='par_1_9' title="bbox 504 2426 1431 2502">
     <span class='ocr_line' id='line_1_20' title="bbox 504 2426 1431 2502; baseline 0.004 -23"><span class='ocrx_word' id='word_1_125' title='bbox 504 2426 596 2490; x_wconf 69' lang='grc'>45.</span> <span class='ocrx_word' id='word_1_126' title='bbox 630 2429 959 2502; x_wconf 61' lang='lat' dir='ltr'>Opiter-gigans,</span> <span class='ocrx_word' id='word_1_127' title='bbox 1004 2429 1218 2482; x_wconf 68' lang='lat' dir='ltr'>Anium.</span> <span class='ocrx_word' id='word_1_128' title='bbox 1250 2427 1431 2483; x_wconf 81' lang='lat' dir='ltr'>Dalec.</span> 
     </span>
    </p>
   </div>
   <div class='ocr_carea' id='block_1_9' title="bbox 416 2505 1427 3847">
    <p class='ocr_par' dir='ltr' id='par_1_10' title="bbox 420 2505 1427 2653">
     <span class='ocr_line' id='line_1_21' title="bbox 426 2505 1427 2580; baseline -0.001 -20"><span class='ocrx_word' id='word_1_129' title='bbox 426 2505 728 2578; x_wconf 68' lang='lat' dir='ltr'>Opitergium</span> <span class='ocrx_word' id='word_1_130' title='bbox 749 2547 765 2570; x_wconf 93' lang='lat'>,</span> <span class='ocrx_word' id='word_1_131' title='bbox 816 2508 1093 2580; x_wconf 73' lang='lat' dir='ltr'>Aquileiam</span> <span class='ocrx_word' id='word_1_132' title='bbox 1106 2545 1123 2571; x_wconf 89' lang='lat'>,</span> <span class='ocrx_word' id='word_1_133' title='bbox 1174 2509 1427 2577; x_wconf 70' lang='lat' dir='ltr'>Tergeste.</span> 
     </span>
     <span class='ocr_line' id='line_1_22' title="bbox 420 2585 992 2653; baseline 0.009 -16"><span class='ocrx_word' id='word_1_134' title='bbox 420 2585 621 2653; x_wconf 79' lang='lat' dir='ltr'>Polam,</span> <span class='ocrx_word' id='word_1_135' title='bbox 646 2589 861 2642; x_wconf 76' lang='lat' dir='ltr'>Arsiam.</span> <span class='ocrx_word' id='word_1_136' title='bbox 888 2590 992 2642; x_wconf 86' lang='lat' dir='ltr'>En.</span> 
     </span>
    </p>

    <p class='ocr_par' dir='ltr' id='par_1_11' title="bbox 417 2666 1427 2966">
     <span class='ocr_line' id='line_1_23' title="bbox 502 2666 1427 2727; baseline 0 -8"><span class='ocrx_word' id='word_1_137' title='bbox 502 2670 595 2727; x_wconf 72' lang='lat'>46.</span> <span class='ocrx_word' id='word_1_138' title='bbox 630 2667 943 2722; x_wconf 82' lang='lat' dir='ltr'><em>DCCXLV</em></span> <span class='ocrx_word' id='word_1_139' title='bbox 956 2666 1124 2719; x_wconf 72' lang='lat' dir='ltr'>millia.</span> <span class='ocrx_word' id='word_1_140' title='bbox 1146 2668 1321 2720; x_wconf 79' lang='lat' dir='ltr'>Ducto</span> <span class='ocrx_word' id='word_1_141' title='bbox 1342 2666 1427 2720; x_wconf 85' lang='lat' dir='ltr'>iti-</span> 
     </span>
     <span class='ocr_line' id='line_1_24' title="bbox 417 2744 1426 2818; baseline 0.003 -21"><span class='ocrx_word' id='word_1_142' title='bbox 417 2762 550 2798; x_wconf 86' lang='lat' dir='ltr'>nere</span> <span class='ocrx_word' id='word_1_143' title='bbox 566 2747 723 2817; x_wconf 80' lang='lat' dir='ltr'>paulo</span> <span class='ocrx_word' id='word_1_144' title='bbox 741 2747 980 2818; x_wconf 82' lang='lat' dir='ltr'>longiore</span> <span class='ocrx_word' id='word_1_145' title='bbox 994 2765 1093 2818; x_wconf 89' lang='lat' dir='ltr'>per</span> <span class='ocrx_word' id='word_1_146' title='bbox 1113 2744 1426 2800; x_wconf 78' lang='lat' dir='ltr'>diverticula</span> 
     </span>
     <span class='ocr_line' id='line_1_25' title="bbox 419 2824 1425 2895; baseline 0.006 -20"><span class='ocrx_word' id='word_1_147' title='bbox 419 2824 762 2895; x_wconf 78' lang='lat' dir='ltr'>oppidorum.</span> <span class='ocrx_word' id='word_1_148' title='bbox 780 2826 1163 2880; x_wconf 61' lang='lat' dir='ltr'>Ham—Tol.</span> <span class='ocrx_word' id='word_1_149' title='bbox 1186 2837 1240 2879; x_wconf 86' lang='lat' dir='ltr'>et</span> <span class='ocrx_word' id='word_1_150' title='bbox 1263 2824 1425 2881; x_wconf 84' lang='lat' dir='ltr'>Salm.</span> 
     </span>
     <span class='ocr_line' id='line_1_26' title="bbox 421 2902 1337 2966; baseline 0.004 -13"><span class='ocrx_word' id='word_1_151' title='bbox 421 2902 719 2957; x_wconf 85' lang='lat' dir='ltr'><em>DCCXIII</em></span> <span class='ocrx_word' id='word_1_152' title='bbox 724 2925 745 2966; x_wconf 94' lang='lat'>,·</span> <span class='ocrx_word' id='word_1_153' title='bbox 773 2904 956 2958; x_wconf 77' lang='lat' dir='ltr'>Dalec.</span> <span class='ocrx_word' id='word_1_154' title='bbox 977 2904 1204 2959; x_wconf 88' lang='lat' dir='ltr'><em>DCCII.</em></span> <span class='ocrx_word' id='word_1_155' title='bbox 1234 2905 1337 2957; x_wconf 81' lang='lat' dir='ltr'>En.</span> 
     </span>
    </p>

    <p class='ocr_par' dir='ltr' id='par_1_12' title="bbox 416 2982 1427 3687">
     <span class='ocr_line' id='line_1_27' title="bbox 496 2982 1427 3038; baseline -0.001 -2"><span class='ocrx_word' id='word_1_156' title='bbox 496 2983 700 3036; x_wconf 83' lang='lat' dir='ltr'><strong>XXIV.</strong></span> <span class='ocrx_word' id='word_1_157' title='bbox 732 3002 781 3037; x_wconf 83' lang='lat'>1.</span> <span class='ocrx_word' id='word_1_158' title='bbox 809 2982 1043 3037; x_wconf 80' lang='lat' dir='ltr'>Secusses.</span> <span class='ocrx_word' id='word_1_159' title='bbox 1070 2986 1135 3036; x_wconf 87' lang='lat' dir='ltr'>In</span> <span class='ocrx_word' id='word_1_160' title='bbox 1156 2984 1308 3038; x_wconf 80' lang='lat' dir='ltr'><strong>MSS.</strong></span> <span class='ocrx_word' id='word_1_161' title='bbox 1327 2983 1427 3036; x_wconf 73' lang='lat' dir='ltr'>Fe·</span> 
     </span>
     <span class='ocr_line' id='line_1_28' title="bbox 418 3061 1424 3125; baseline 0.002 -12"><span class='ocrx_word' id='word_1_162' title='bbox 418 3080 558 3125; x_wconf 61' lang='lat' dir='ltr'>cusu</span> <span class='ocrx_word' id='word_1_163' title='bbox 597 3061 776 3117; x_wconf 83' lang='lat' dir='ltr'>Chiffl.</span> <span class='ocrx_word' id='word_1_164' title='bbox 815 3063 1059 3115; x_wconf 77' lang='lat' dir='ltr'>Fecusses.</span> <span class='ocrx_word' id='word_1_165' title='bbox 1098 3063 1381 3116; x_wconf 81' lang='lat' dir='ltr'>Subocrini</span> <span class='ocrx_word' id='word_1_166' title='bbox 1408 3101 1424 3124; x_wconf 94' lang='lat'>,</span> 
     </span>
     <span class='ocr_line' id='line_1_29' title="bbox 416 3139 1425 3211; baseline 0.001 -18"><span class='ocrx_word' id='word_1_167' title='bbox 416 3142 485 3193; x_wconf 86' lang='lat' dir='ltr'>ab</span> <span class='ocrx_word' id='word_1_168' title='bbox 544 3142 683 3195; x_wconf 75' lang='lat' dir='ltr'>Ocra</span> <span class='ocrx_word' id='word_1_169' title='bbox 732 3140 962 3194; x_wconf 74' lang='lat' dir='ltr'>fortassis</span> <span class='ocrx_word' id='word_1_170' title='bbox 1005 3139 1207 3211; x_wconf 88' lang='lat' dir='ltr'>oppido</span> <span class='ocrx_word' id='word_1_171' title='bbox 1234 3154 1425 3194; x_wconf 57' lang='lat' dir='ltr'>wetere</span> 
     </span>
     <span class='ocr_line' id='line_1_30' title="bbox 418 3218 1425 3291; baseline 0 -18"><span class='ocrx_word' id='word_1_172' title='bbox 418 3220 807 3291; x_wconf 77' lang='lat' dir='ltr'>cognominati,</span> <span class='ocrx_word' id='word_1_173' title='bbox 832 3218 898 3273; x_wconf 87' lang='lat' dir='ltr'>de</span> <span class='ocrx_word' id='word_1_174' title='bbox 918 3237 1027 3291; x_wconf 86' lang='lat' dir='ltr'>quo</span> <span class='ocrx_word' id='word_1_175' title='bbox 1044 3237 1159 3290; x_wconf 79' lang='lat' dir='ltr'>cap.</span> <span class='ocrx_word' id='word_1_176' title='bbox 1182 3237 1301 3290; x_wconf 88' lang='lat' dir='ltr'>sup.</span> <span class='ocrx_word' id='word_1_177' title='bbox 1328 3220 1425 3273; x_wconf 84' lang='lat' dir='ltr'>Ca·</span> 
     </span>
     <span class='ocr_line' id='line_1_31' title="bbox 418 3296 1418 3369; baseline 0 -19"><span class='ocrx_word' id='word_1_178' title='bbox 418 3300 512 3351; x_wconf 82' lang='lat' dir='ltr'>tali</span> <span class='ocrx_word' id='word_1_179' title='bbox 554 3296 663 3364; x_wconf 85' lang='lat' dir='ltr'>(sic</span> <span class='ocrx_word' id='word_1_180' title='bbox 704 3300 847 3353; x_wconf 88' lang='lat' dir='ltr'>enim</span> <span class='ocrx_word' id='word_1_181' title='bbox 882 3298 1037 3353; x_wconf 79' lang='lat' dir='ltr'><strong>MSS.</strong></span> <span class='ocrx_word' id='word_1_182' title='bbox 1066 3298 1261 3351; x_wconf 78' lang='lat' dir='ltr'>habent</span> <span class='ocrx_word' id='word_1_183' title='bbox 1290 3299 1418 3369; x_wconf 82' lang='lat' dir='ltr'>Reg.</span> 
     </span>
     <span class='ocr_line' id='line_1_32' title="bbox 419 3376 1423 3448; baseline -0.001 -16"><span class='ocrx_word' id='word_1_184' title='bbox 419 3377 572 3433; x_wconf 79' lang='lat' dir='ltr'>colb.</span> <span class='ocrx_word' id='word_1_185' title='bbox 613 3391 711 3433; x_wconf 84' lang='lat' dir='ltr'>etc.</span> <span class='ocrx_word' id='word_1_186' title='bbox 757 3397 871 3433; x_wconf 86' lang='lat' dir='ltr'>non</span> <span class='ocrx_word' id='word_1_187' title='bbox 910 3379 1088 3441; x_wconf 75' lang='lat' dir='ltr'>Catili,</span> <span class='ocrx_word' id='word_1_188' title='bbox 1136 3376 1286 3448; x_wconf 86' lang='lat' dir='ltr'>quod</span> <span class='ocrx_word' id='word_1_189' title='bbox 1331 3376 1423 3431; x_wconf 79' lang='lat' dir='ltr'>dat</span> 
     </span>
     <span class='ocr_line' id='line_1_33' title="bbox 418 3450 1421 3530; baseline -0.001 -20"><span class='ocrx_word' id='word_1_190' title='bbox 418 3450 621 3527; x_wconf 82' lang='lat' dir='ltr'>Dalec.)</span> <span class='ocrx_word' id='word_1_191' title='bbox 650 3459 707 3513; x_wconf 88' lang='lat' dir='ltr'>in</span> <span class='ocrx_word' id='word_1_192' title='bbox 740 3458 905 3513; x_wconf 77' lang='lat' dir='ltr'>veteri</span> <span class='ocrx_word' id='word_1_193' title='bbox 937 3457 1282 3530; x_wconf 79' lang='lat' dir='ltr'>inscriptione</span> <span class='ocrx_word' id='word_1_194' title='bbox 1307 3455 1421 3509; x_wconf 83' lang='lat' dir='ltr'>lau-</span> 
     </span>
     <span class='ocr_line' id='line_1_34' title="bbox 416 3534 1422 3610; baseline -0.001 -21"><span class='ocrx_word' id='word_1_195' title='bbox 416 3534 641 3603; x_wconf 80' lang='lat' dir='ltr'>dantur,</span> <span class='ocrx_word' id='word_1_196' title='bbox 680 3538 940 3609; x_wconf 62' lang='lat' dir='ltr'>Tergeste</span> <span class='ocrx_word' id='word_1_197' title='bbox 974 3550 1211 3610; x_wconf 67' lang='lat' dir='ltr'>nepem,</span> <span class='ocrx_word' id='word_1_198' title='bbox 1262 3553 1422 3607; x_wconf 81' lang='lat' dir='ltr'>quam</span> 
     </span>
     <span class='ocr_line' id='line_1_35' title="bbox 416 3614 1422 3687; baseline 0.001 -18"><span class='ocrx_word' id='word_1_199' title='bbox 416 3614 677 3671; x_wconf 81' lang='lat' dir='ltr'>Gruterus</span> <span class='ocrx_word' id='word_1_200' title='bbox 697 3618 911 3676; x_wconf 74' lang='lat' dir='ltr'>recitat,</span> <span class='ocrx_word' id='word_1_201' title='bbox 940 3635 994 3687; x_wconf 84' lang='lat' dir='ltr'>p.</span> <span class='ocrx_word' id='word_1_202' title='bbox 1017 3621 1149 3682; x_wconf 69' lang='lat'><strong>408.</strong></span> <span class='ocrx_word' id='word_1_203' title='bbox 1168 3616 1234 3669; x_wconf 83' lang='grc' dir='ltr'>Η.</span> <span class='ocrx_word' id='word_1_204' title='bbox 1250 3628 1304 3669; x_wconf 83' lang='lat' dir='ltr'>et</span> <span class='ocrx_word' id='word_1_205' title='bbox 1316 3616 1422 3670; x_wconf 86' lang='lat' dir='ltr'>En.</span> 
     </span>
    </p>

    <p class='ocr_par' dir='ltr' id='par_1_13' title="bbox 421 3696 1419 3847">
     <span class='ocr_line' id='line_1_36' title="bbox 499 3696 1419 3768; baseline 0.001 -20"><span class='ocrx_word' id='word_1_206' title='bbox 499 3716 551 3749; x_wconf 78' lang='lat'>2.</span> <span class='ocrx_word' id='word_1_207' title='bbox 594 3698 779 3753; x_wconf 76' lang='lat' dir='ltr'>Norici.</span> <span class='ocrx_word' id='word_1_208' title='bbox 822 3698 903 3751; x_wconf 85' lang='lat' dir='ltr'>De</span> <span class='ocrx_word' id='word_1_209' title='bbox 935 3696 1019 3750; x_wconf 84' lang='lat' dir='ltr'>his</span> <span class='ocrx_word' id='word_1_210' title='bbox 1052 3696 1262 3751; x_wconf 84' lang='lat' dir='ltr'>dicetur</span> <span class='ocrx_word' id='word_1_211' title='bbox 1304 3713 1419 3768; x_wconf 77' lang='lat' dir='ltr'>cap.</span> 
     </span>
     <span class='ocr_line' id='line_1_37' title="bbox 421 3776 719 3847; baseline 0.01 -19"><span class='ocrx_word' id='word_1_212' title='bbox 421 3794 511 3847; x_wconf 70' lang='lat'>27.</span> <span class='ocrx_word' id='word_1_213' title='bbox 538 3776 719 3831; x_wconf 66' lang='lat' dir='ltr'>Hann-</span> 
     </span>
    </p>
   </div>
   <div class='ocr_carea' id='block_1_10' title="bbox 497 3852 1425 3931">
    <p class='ocr_par' dir='ltr' id='par_1_14' title="bbox 497 3852 1425 3931">
     <span class='ocr_line' id='line_1_38' title="bbox 497 3852 1425 3931; baseline -0.001 -24"><span class='ocrx_word' id='word_1_214' title='bbox 497 3854 552 3908; x_wconf 83' lang='lat'>3.</span> <span class='ocrx_word' id='word_1_215' title='bbox 575 3857 753 3909; x_wconf 68' lang='lat' dir='ltr'>Rhoeei.</span> <span class='ocrx_word' id='word_1_216' title='bbox 779 3855 953 3910; x_wconf 71' lang='lat' dir='ltr'>muni</span> <span class='ocrx_word' id='word_1_217' title='bbox 977 3852 1170 3920; x_wconf 84' lang='lat' dir='ltr'>hodie,</span> <span class='ocrx_word' id='word_1_218' title='bbox 1194 3873 1317 3931; x_wconf 78' lang='lat' dir='ltr'>pays</span> <span class='ocrx_word' id='word_1_219' title='bbox 1343 3854 1425 3907; x_wconf 77' lang='lat' dir='ltr'>des</span> 
     </span>
    </p>
   </div>
   <div class='ocr_carea' id='block_1_11' title="bbox 420 3932 1427 4009">
    <p class='ocr_par' dir='ltr' id='par_1_15' title="bbox 420 3932 1427 4009">
     <span class='ocr_line' id='line_1_39' title="bbox 420 3932 1427 4009; baseline -0.001 -22"><span class='ocrx_word' id='word_1_220' title='bbox 420 3932 623 3988; x_wconf 78' lang='lat' dir='ltr'>Gn‘sons</span> <span class='ocrx_word' id='word_1_221' title='bbox 647 3947 697 3988; x_wconf 77' lang='lat' dir='ltr'>ee</span> <span class='ocrx_word' id='word_1_222' title='bbox 722 3936 889 4009; x_wconf 77' lang='lat' dir='ltr'>Tyml.</span> <span class='ocrx_word' id='word_1_223' title='bbox 922 3932 1224 4001; x_wconf 84' lang='lat' dir='ltr'>Vindelici,</span> <span class='ocrx_word' id='word_1_224' title='bbox 1248 3952 1279 3986; x_wconf 87' lang='lat' dir='ltr'>a</span> <span class='ocrx_word' id='word_1_225' title='bbox 1304 3934 1427 3986; x_wconf 84' lang='lat' dir='ltr'>Bri·</span> 
     </span>
    </p>
   </div>
   <div class='ocr_carea' id='block_1_12' title="bbox 412 4014 1425 4229">
    <p class='ocr_par' dir='ltr' id='par_1_16' title="bbox 412 4014 1425 4229">
     <span class='ocr_line' id='line_1_40' title="bbox 412 4014 1425 4082; baseline 0.003 -19"><span class='ocrx_word' id='word_1_226' title='bbox 412 4014 626 4082; x_wconf 73' lang='lat' dir='ltr'>gantino</span> <span class='ocrx_word' id='word_1_227' title='bbox 663 4015 783 4069; x_wconf 78' lang='lat' dir='ltr'>lacu</span> <span class='ocrx_word' id='word_1_228' title='bbox 825 4014 893 4069; x_wconf 81' lang='lat' dir='ltr'>ad</span> <span class='ocrx_word' id='word_1_229' title='bbox 932 4018 1128 4067; x_wconf 76' lang='lat' dir='ltr'>AEnum</span> <span class='ocrx_word' id='word_1_230' title='bbox 1172 4030 1381 4067; x_wconf 74' lang='lat' dir='ltr'>amnem</span> <span class='ocrx_word' id='word_1_231' title='bbox 1408 4051 1425 4079; x_wconf 89' lang='lat'>,</span> 
     </span>
     <span class='ocr_line' id='line_1_41' title="bbox 414 4092 1424 4164; baseline 0 -19"><span class='ocrx_word' id='word_1_232' title='bbox 414 4111 517 4164; x_wconf 81' lang='lat' dir='ltr'>qua</span> <span class='ocrx_word' id='word_1_233' title='bbox 544 4094 599 4147; x_wconf 91' lang='lat' dir='ltr'>in</span> <span class='ocrx_word' id='word_1_234' title='bbox 623 4094 925 4149; x_wconf 83' lang='lat' dir='ltr'>Danubium</span> <span class='ocrx_word' id='word_1_235' title='bbox 948 4092 1124 4147; x_wconf 83' lang='lat' dir='ltr'>influit</span> <span class='ocrx_word' id='word_1_236' title='bbox 1142 4125 1161 4155; x_wconf 82' lang='lat'>‚</span> <span class='ocrx_word' id='word_1_237' title='bbox 1182 4104 1424 4160; x_wconf 84' lang='lat' dir='ltr'>tenuere,</span> 
     </span>
     <span class='ocr_line' id='line_1_42' title="bbox 413 4173 1149 4229; baseline 0 -4"><span class='ocrx_word' id='word_1_238' title='bbox 413 4174 507 4226; x_wconf 87' lang='lat' dir='ltr'>ubi</span> <span class='ocrx_word' id='word_1_239' title='bbox 534 4192 677 4228; x_wconf 87' lang='lat' dir='ltr'>nunc</span> <span class='ocrx_word' id='word_1_240' title='bbox 708 4175 942 4229; x_wconf 60' lang='grc' dir='ltr'>Βαναία.</span> <span class='ocrx_word' id='word_1_241' title='bbox 972 4173 1149 4227; x_wconf 70' lang='lat' dir='ltr'>mnu.</span> 
     </span>
    </p>
   </div>
   <div class='ocr_carea' id='block_1_13' title="bbox 1505 2269 2534 4087">
    <p class='ocr_par' dir='ltr' id='par_1_17' title="bbox 1510 2269 2534 2801">
     <span class='ocr_line' id='line_1_43' title="bbox 1602 2269 2534 2345; baseline 0.005 -24"><span class='ocrx_word' id='word_1_242' title='bbox 1602 2275 1656 2333; x_wconf 67' lang='grc'>4.</span> <span class='ocrx_word' id='word_1_243' title='bbox 1677 2271 1874 2322; x_wconf 74' lang='lat' dir='ltr'>Rha-tos</span> <span class='ocrx_word' id='word_1_244' title='bbox 1905 2271 1956 2322; x_wconf 88' lang='lat' dir='ltr'><em>T</em></span> <span class='ocrx_word' id='word_1_245' title='bbox 1953 2271 2212 2324; x_wconf 75' lang='grc' dir='ltr'>Ιιωοονιιηι.</span> <span class='ocrx_word' id='word_1_246' title='bbox 2233 2269 2297 2324; x_wconf 89' lang='lat' dir='ltr'>Id</span> <span class='ocrx_word' id='word_1_247' title='bbox 2318 2291 2534 2345; x_wconf 85' lang='lat' dir='ltr'>quoque</span> 
     </span>
     <span class='ocr_line' id='line_1_44' title="bbox 1518 2348 2529 2424; baseline 0.005 -24"><span class='ocrx_word' id='word_1_248' title='bbox 1518 2348 1760 2403; x_wconf 70' lang='lat' dir='ltr'>Sustinus</span> <span class='ocrx_word' id='word_1_249' title='bbox 1787 2349 2002 2421; x_wconf 79' lang='lat' dir='ltr'>prodit,</span> <span class='ocrx_word' id='word_1_250' title='bbox 2027 2350 2122 2403; x_wconf 81' lang='lat' dir='ltr'>lib.</span> <span class='ocrx_word' id='word_1_251' title='bbox 2153 2351 2258 2404; x_wconf 85' lang='lat' dir='ltr'>XX</span> <span class='ocrx_word' id='word_1_252' title='bbox 2274 2389 2291 2416; x_wconf 89' lang='lat'>,</span> <span class='ocrx_word' id='word_1_253' title='bbox 2315 2369 2431 2424; x_wconf 84' lang='lat' dir='ltr'>cap.</span> <span class='ocrx_word' id='word_1_254' title='bbox 2467 2353 2529 2414; x_wconf 84' lang='lat'>5,</span> 
     </span>
     <span class='ocr_line' id='line_1_45' title="bbox 1516 2427 2534 2500; baseline 0.007 -19"><span class='ocrx_word' id='word_1_255' title='bbox 1516 2447 1639 2500; x_wconf 75' lang='lat' dir='ltr'>pag.</span> <span class='ocrx_word' id='word_1_256' title='bbox 1671 2427 1778 2499; x_wconf 82' lang='lat'>337</span> <span class='ocrx_word' id='word_1_257' title='bbox 1811 2428 2060 2482; x_wconf 87' lang='lat' dir='ltr'>editionis</span> <span class='ocrx_word' id='word_1_258' title='bbox 2085 2443 2300 2484; x_wconf 67' lang='lat' dir='ltr'>nostra:</span> <span class='ocrx_word' id='word_1_259' title='bbox 2333 2431 2534 2488; x_wconf 73' lang='lat' dir='ltr'>..Tusci</span> 
     </span>
     <span class='ocr_line' id='line_1_46' title="bbox 1516 2507 2534 2580; baseline 0.004 -20"><span class='ocrx_word' id='word_1_260' title='bbox 1516 2525 1734 2580; x_wconf 85' lang='lat' dir='ltr'>quoque</span> <span class='ocrx_word' id='word_1_261' title='bbox 1767 2507 1909 2564; x_wconf 82' lang='lat' dir='ltr'>duce</span> <span class='ocrx_word' id='word_1_262' title='bbox 1953 2509 2165 2568; x_wconf 66' lang='lat' dir='ltr'>Rhato.</span> <span class='ocrx_word' id='word_1_263' title='bbox 2210 2510 2362 2563; x_wconf 79' lang='lat' dir='ltr'>avitis</span> <span class='ocrx_word' id='word_1_264' title='bbox 2402 2510 2534 2564; x_wconf 84' lang='lat' dir='ltr'>sedi·</span> 
     </span>
     <span class='ocr_line' id='line_1_47' title="bbox 1515 2587 2534 2661; baseline 0.005 -20"><span class='ocrx_word' id='word_1_265' title='bbox 1515 2587 1617 2641; x_wconf 81' lang='lat' dir='ltr'>bus</span> <span class='ocrx_word' id='word_1_266' title='bbox 1639 2587 1870 2652; x_wconf 85' lang='lat' dir='ltr'>amissis,</span> <span class='ocrx_word' id='word_1_267' title='bbox 1901 2587 2067 2659; x_wconf 77' lang='lat' dir='ltr'>Alpes</span> <span class='ocrx_word' id='word_1_268' title='bbox 2097 2607 2424 2661; x_wconf 81' lang='lat' dir='ltr'>occupavere</span> <span class='ocrx_word' id='word_1_269' title='bbox 2440 2630 2457 2657; x_wconf 89' lang='lat'>,</span> <span class='ocrx_word' id='word_1_270' title='bbox 2480 2605 2534 2646; x_wconf 84' lang='lat' dir='ltr'>et</span> 
     </span>
     <span class='ocr_line' id='line_1_48' title="bbox 1512 2667 2531 2739; baseline 0.003 -18"><span class='ocrx_word' id='word_1_271' title='bbox 1512 2684 1575 2721; x_wconf 85' lang='lat' dir='ltr'>ex</span> <span class='ocrx_word' id='word_1_272' title='bbox 1613 2667 1765 2721; x_wconf 79' lang='lat' dir='ltr'>ducis</span> <span class='ocrx_word' id='word_1_273' title='bbox 1785 2668 2002 2721; x_wconf 88' lang='lat' dir='ltr'>nomine</span> <span class='ocrx_word' id='word_1_274' title='bbox 2027 2682 2206 2739; x_wconf 76' lang='lat' dir='ltr'>gentes</span> <span class='ocrx_word' id='word_1_275' title='bbox 2225 2670 2531 2724; x_wconf 64' lang='lat' dir='ltr'>Rhetorum</span> 
     </span>
     <span class='ocr_line' id='line_1_49' title="bbox 1510 2745 2057 2801; baseline 0 -1"><span class='ocrx_word' id='word_1_276' title='bbox 1510 2745 1883 2801; x_wconf 78' lang='lat' dir='ltr'>condiderunt.</span> <span class='ocrx_word' id='word_1_277' title='bbox 1902 2774 1925 2795; x_wconf 75' lang='grc' dir='ltr'>ι</span> <span class='ocrx_word' id='word_1_278' title='bbox 1955 2748 2057 2801; x_wconf 86' lang='lat' dir='ltr'>En.</span> 
     </span>
    </p>

    <p class='ocr_par' dir='ltr' id='par_1_18' title="bbox 1505 2825 2530 3767">
     <span class='ocr_line' id='line_1_50' title="bbox 1598 2825 2530 2893; baseline 0.003 -14"><span class='ocrx_word' id='word_1_279' title='bbox 1598 2826 1650 2880; x_wconf 82' lang='lat'>5.</span> <span class='ocrx_word' id='word_1_280' title='bbox 1675 2826 1829 2879; x_wconf 75' lang='lat' dir='ltr'>Verso</span> <span class='ocrx_word' id='word_1_281' title='bbox 1848 2827 2034 2879; x_wconf 75' lang='lat' dir='ltr'>deinde.</span> <span class='ocrx_word' id='word_1_282' title='bbox 2059 2827 2176 2893; x_wconf 79' lang='lat' dir='ltr'>Qua</span> <span class='ocrx_word' id='word_1_283' title='bbox 2199 2825 2392 2881; x_wconf 85' lang='lat' dir='ltr'>deinde</span> <span class='ocrx_word' id='word_1_284' title='bbox 2414 2846 2530 2881; x_wconf 81' lang='lat' dir='ltr'>ver-</span> 
     </span>
     <span class='ocr_line' id='line_1_51' title="bbox 1514 2904 2522 2979; baseline 0.002 -21"><span class='ocrx_word' id='word_1_285' title='bbox 1514 2924 1603 2959; x_wconf 83' lang='lat' dir='ltr'>sus</span> <span class='ocrx_word' id='word_1_286' title='bbox 1628 2904 1834 2959; x_wconf 79' lang='lat' dir='ltr'>Italiam</span> <span class='ocrx_word' id='word_1_287' title='bbox 1862 2918 2100 2979; x_wconf 76' lang='lat' dir='ltr'>spectant</span> <span class='ocrx_word' id='word_1_288' title='bbox 2127 2906 2343 2977; x_wconf 85' lang='lat' dir='ltr'>Alpium</span> <span class='ocrx_word' id='word_1_289' title='bbox 2366 2909 2490 2977; x_wconf 80' lang='lat' dir='ltr'>juga</span> <span class='ocrx_word' id='word_1_290' title='bbox 2506 2948 2522 2971; x_wconf 94' lang='lat'>,</span> 
     </span>
     <span class='ocr_line' id='line_1_52' title="bbox 1515 2983 2528 3057; baseline 0.004 -21"><span class='ocrx_word' id='word_1_291' title='bbox 1515 2983 1593 3037; x_wconf 87' lang='lat' dir='ltr'>ibi</span> <span class='ocrx_word' id='word_1_292' title='bbox 1647 2986 1787 3038; x_wconf 77' lang='lat' dir='ltr'>Latii</span> <span class='ocrx_word' id='word_1_293' title='bbox 1837 2988 1954 3057; x_wconf 85' lang='lat' dir='ltr'>jure</span> <span class='ocrx_word' id='word_1_294' title='bbox 2008 2984 2214 3039; x_wconf 68' lang='lat' dir='ltr'>donate</span> <span class='ocrx_word' id='word_1_295' title='bbox 2267 2988 2528 3056; x_wconf 62' lang='lat' dir='ltr'>Euganea</span> 
     </span>
     <span class='ocr_line' id='line_1_53' title="bbox 1511 3064 2528 3135; baseline 0.002 -18"><span class='ocrx_word' id='word_1_296' title='bbox 1511 3076 1706 3134; x_wconf 78' lang='lat' dir='ltr'>gentes.</span> <span class='ocrx_word' id='word_1_297' title='bbox 1727 3064 1812 3115; x_wconf 76' lang='lat' dir='ltr'>Ab</span> <span class='ocrx_word' id='word_1_298' title='bbox 1837 3064 2102 3135; x_wconf 83' lang='lat' dir='ltr'>Euganeis</span> <span class='ocrx_word' id='word_1_299' title='bbox 2122 3065 2394 3117; x_wconf 75' lang='lat' dir='ltr'>Veronam</span> <span class='ocrx_word' id='word_1_300' title='bbox 2418 3083 2528 3119; x_wconf 78' lang='lat' dir='ltr'>esse</span> 
     </span>
     <span class='ocr_line' id='line_1_54' title="bbox 1511 3139 2526 3212; baseline 0.003 -18"><span class='ocrx_word' id='word_1_301' title='bbox 1511 3139 1810 3205; x_wconf 80' lang='lat' dir='ltr'>conditam,</span> <span class='ocrx_word' id='word_1_302' title='bbox 1845 3160 1963 3212; x_wconf 86' lang='lat' dir='ltr'>sup.</span> <span class='ocrx_word' id='word_1_303' title='bbox 1993 3161 2108 3212; x_wconf 77' lang='lat' dir='ltr'>cap.</span> <span class='ocrx_word' id='word_1_304' title='bbox 2143 3141 2389 3196; x_wconf 83' lang='lat' dir='ltr'>vidimus.</span> <span class='ocrx_word' id='word_1_305' title='bbox 2413 3143 2526 3197; x_wconf 82' lang='lat' dir='ltr'>Ve-</span> 
     </span>
     <span class='ocr_line' id='line_1_55' title="bbox 1508 3222 2528 3294; baseline 0.005 -23"><span class='ocrx_word' id='word_1_306' title='bbox 1508 3238 1630 3272; x_wconf 83' lang='lat' dir='ltr'>rum</span> <span class='ocrx_word' id='word_1_307' title='bbox 1681 3232 1840 3290; x_wconf 70' lang='lat' dir='ltr'>eaput</span> <span class='ocrx_word' id='word_1_308' title='bbox 1887 3222 2250 3291; x_wconf 70' lang='lat' dir='ltr'>Euganeas-um</span> <span class='ocrx_word' id='word_1_309' title='bbox 2290 3222 2528 3294; x_wconf 79' lang='lat' dir='ltr'>gentium</span> 
     </span>
     <span class='ocr_line' id='line_1_56' title="bbox 1509 3296 2522 3371; baseline 0.004 -20"><span class='ocrx_word' id='word_1_310' title='bbox 1509 3298 1670 3351; x_wconf 79' lang='lat' dir='ltr'>fuisse</span> <span class='ocrx_word' id='word_1_311' title='bbox 1725 3296 1936 3352; x_wconf 80' lang='lat' dir='ltr'>videtur</span> <span class='ocrx_word' id='word_1_312' title='bbox 1986 3299 2249 3371; x_wconf 86' lang='lat' dir='ltr'>oppidum</span> <span class='ocrx_word' id='word_1_313' title='bbox 2305 3302 2486 3357; x_wconf 79' lang='lat' dir='ltr'>nobile</span> <span class='ocrx_word' id='word_1_314' title='bbox 2506 3344 2522 3371; x_wconf 92' lang='lat'>,</span> 
     </span>
     <span class='ocr_line' id='line_1_57' title="bbox 1508 3375 2520 3449; baseline 0.005 -20"><span class='ocrx_word' id='word_1_315' title='bbox 1508 3375 1653 3449; x_wconf 84' lang='lat' dir='ltr'>quod</span> <span class='ocrx_word' id='word_1_316' title='bbox 1691 3376 1866 3431; x_wconf 85' lang='lat' dir='ltr'>adhuc</span> <span class='ocrx_word' id='word_1_317' title='bbox 1900 3390 2166 3432; x_wconf 83' lang='lat' dir='ltr'>vetustum</span> <span class='ocrx_word' id='word_1_318' title='bbox 2197 3380 2393 3433; x_wconf 85' lang='lat' dir='ltr'>retinet</span> <span class='ocrx_word' id='word_1_319' title='bbox 2421 3400 2520 3435; x_wconf 86' lang='lat' dir='ltr'>no-</span> 
     </span>
     <span class='ocr_line' id='line_1_58' title="bbox 1508 3455 2518 3531; baseline 0.006 -22"><span class='ocrx_word' id='word_1_320' title='bbox 1508 3473 1662 3523; x_wconf 83' lang='lat' dir='ltr'>men,</span> <span class='ocrx_word' id='word_1_321' title='bbox 1687 3456 1918 3527; x_wconf 68' lang='lat' dir='ltr'>Lagaria,</span> <span class='ocrx_word' id='word_1_322' title='bbox 1951 3455 2020 3512; x_wconf 85' lang='lat' dir='ltr'>ad</span> <span class='ocrx_word' id='word_1_323' title='bbox 2048 3458 2220 3513; x_wconf 86' lang='lat' dir='ltr'>lacum</span> <span class='ocrx_word' id='word_1_324' title='bbox 2249 3462 2518 3531; x_wconf 74' lang='lat' dir='ltr'>cognomi-</span> 
     </span>
     <span class='ocr_line' id='line_1_59' title="bbox 1505 3536 2521 3607; baseline 0.006 -18"><span class='ocrx_word' id='word_1_325' title='bbox 1505 3554 1660 3601; x_wconf 85' lang='lat' dir='ltr'>nem,</span> <span class='ocrx_word' id='word_1_326' title='bbox 1688 3536 1830 3606; x_wconf 68' lang='lat' dir='ltr'>Lago</span> <span class='ocrx_word' id='word_1_327' title='bbox 1851 3536 1905 3588; x_wconf 70' lang='lat' dir='ltr'>da·</span> <span class='ocrx_word' id='word_1_328' title='bbox 1929 3536 2158 3607; x_wconf 59' lang='lat' dir='ltr'>Lucano,</span> <span class='ocrx_word' id='word_1_329' title='bbox 2193 3539 2330 3591; x_wconf 82' lang='lat' dir='ltr'>inter</span> <span class='ocrx_word' id='word_1_330' title='bbox 2350 3541 2521 3595; x_wconf 86' lang='lat' dir='ltr'>lacum</span> 
     </span>
     <span class='ocr_line' id='line_1_60' title="bbox 1508 3617 2516 3689; baseline 0.006 -20"><span class='ocrx_word' id='word_1_331' title='bbox 1508 3617 1821 3669; x_wconf 82' lang='lat' dir='ltr'>Verbanum</span> <span class='ocrx_word' id='word_1_332' title='bbox 1839 3655 1854 3679; x_wconf 91' lang='lat'>,</span> <span class='ocrx_word' id='word_1_333' title='bbox 1885 3617 2024 3687; x_wconf 72' lang='lat' dir='ltr'>Lago</span> <span class='ocrx_word' id='word_1_334' title='bbox 2050 3618 2328 3689; x_wconf 74' lang='lat' dir='ltr'>Magge&#39;ore,</span> <span class='ocrx_word' id='word_1_335' title='bbox 2356 3634 2411 3674; x_wconf 85' lang='lat' dir='ltr'>et</span> <span class='ocrx_word' id='word_1_336' title='bbox 2440 3621 2516 3675; x_wconf 83' lang='lat' dir='ltr'>la-</span> 
     </span>
     <span class='ocr_line' id='line_1_61' title="bbox 1506 3696 2514 3767; baseline 0.003 -18"><span class='ocrx_word' id='word_1_337' title='bbox 1506 3714 1627 3749; x_wconf 84' lang='lat' dir='ltr'>eum</span> <span class='ocrx_word' id='word_1_338' title='bbox 1649 3696 1865 3749; x_wconf 77' lang='lat' dir='ltr'>Larium</span> <span class='ocrx_word' id='word_1_339' title='bbox 1879 3736 1895 3761; x_wconf 95' lang='lat'>,</span> <span class='ocrx_word' id='word_1_340' title='bbox 1917 3696 2055 3767; x_wconf 70' lang='lat' dir='ltr'>Lago</span> <span class='ocrx_word' id='word_1_341' title='bbox 2072 3697 2127 3749; x_wconf 68' lang='lat' dir='ltr'>da·</span> <span class='ocrx_word' id='word_1_342' title='bbox 2149 3698 2314 3751; x_wconf 87' lang='lat' dir='ltr'>Como.</span> <span class='ocrx_word' id='word_1_343' title='bbox 2336 3699 2514 3754; x_wconf 62' lang='lat' dir='ltr'>nnn.</span> 
     </span>
    </p>

    <p class='ocr_par' dir='ltr' id='par_1_19' title="bbox 1509 3775 2518 3909">
     <span class='ocr_line' id='line_1_62' title="bbox 1591 3775 2518 3850; baseline 0.005 -22"><span class='ocrx_word' id='word_1_344' title='bbox 1591 3779 1645 3829; x_wconf 82' lang='lat'>6.</span> <span class='ocrx_word' id='word_1_345' title='bbox 1675 3775 1864 3827; x_wconf 77' lang='lat' dir='ltr'>Deinde</span> <span class='ocrx_word' id='word_1_346' title='bbox 1891 3776 2104 3828; x_wconf 73' lang='lat' dir='ltr'>[tulimu-</span> <span class='ocrx_word' id='word_1_347' title='bbox 2137 3778 2263 3831; x_wconf 85' lang='lat' dir='ltr'>Vet.</span> <span class='ocrx_word' id='word_1_348' title='bbox 2296 3797 2382 3850; x_wconf 85' lang='lat' dir='ltr'>ap.</span> <span class='ocrx_word' id='word_1_349' title='bbox 2413 3781 2518 3833; x_wconf 81' lang='lat' dir='ltr'>Da-</span> 
     </span>
     <span class='ocr_line' id='line_1_63' title="bbox 1509 3854 2248 3909; baseline 0.003 -2"><span class='ocrx_word' id='word_1_350' title='bbox 1509 3855 1610 3909; x_wconf 87' lang='lat' dir='ltr'>lec.</span> <span class='ocrx_word' id='word_1_351' title='bbox 1638 3854 1810 3907; x_wconf 72' lang='lat' dir='ltr'>deiude</span> <span class='ocrx_word' id='word_1_352' title='bbox 1836 3860 1886 3907; x_wconf 80' lang='lat' dir='ltr'>in</span> <span class='ocrx_word' id='word_1_353' title='bbox 1907 3854 2125 3909; x_wconf 79' lang='lat' dir='ltr'>Italiam.</span> <span class='ocrx_word' id='word_1_354' title='bbox 2146 3858 2248 3909; x_wconf 82' lang='lat' dir='ltr'>En·</span> 
     </span>
    </p>

    <p class='ocr_par' dir='ltr' id='par_1_20' title="bbox 1513 3936 2522 4087">
     <span class='ocr_line' id='line_1_64' title="bbox 1594 3936 2521 4007; baseline 0.003 -20"><span class='ocrx_word' id='word_1_355' title='bbox 1594 3956 1644 4002; x_wconf 83' lang='lat'>7.</span> <span class='ocrx_word' id='word_1_356' title='bbox 1720 3936 2037 4005; x_wconf 65' lang='lat' dir='ltr'>Triumpilini.</span> <span class='ocrx_word' id='word_1_357' title='bbox 2097 3936 2342 4001; x_wconf 85' lang='lat' dir='ltr'>Quorum</span> <span class='ocrx_word' id='word_1_358' title='bbox 2399 3954 2521 4007; x_wconf 71' lang='lat' dir='ltr'>ager</span> 
     </span>
     <span class='ocr_line' id='line_1_65' title="bbox 1513 4013 2522 4087; baseline 0.002 -21"><span class='ocrx_word' id='word_1_359' title='bbox 1513 4032 1658 4067; x_wconf 82' lang='lat' dir='ltr'>nuno</span> <span class='ocrx_word' id='word_1_360' title='bbox 1684 4015 1741 4066; x_wconf 85' lang='lat' dir='ltr'><em>V</em></span> <span class='ocrx_word' id='word_1_361' title='bbox 1733 4016 1789 4066; x_wconf 79' lang='lat' dir='ltr'>al</span> <span class='ocrx_word' id='word_1_362' title='bbox 1816 4016 2042 4087; x_wconf 78' lang='lat' dir='ltr'>Trompia</span> <span class='ocrx_word' id='word_1_363' title='bbox 2063 4013 2258 4068; x_wconf 87' lang='lat' dir='ltr'>dicitur</span> <span class='ocrx_word' id='word_1_364' title='bbox 2272 4016 2522 4069; x_wconf 66' lang='lat' dir='ltr'>Menneu·-</span> 
     </span>
    </p>
   </div>
   <div class='ocr_carea' id='block_1_14' title="bbox 1514 4093 2622 4167">
    <p class='ocr_par' dir='ltr' id='par_1_21' title="bbox 1514 4093 2622 4167">
     <span class='ocr_line' id='line_1_66' title="bbox 1514 4093 2622 4167; baseline 0.003 -22"><span class='ocrx_word' id='word_1_365' title='bbox 1514 4104 1589 4145; x_wconf 86' lang='lat' dir='ltr'>to.</span> <span class='ocrx_word' id='word_1_366' title='bbox 1629 4093 1800 4147; x_wconf 74' lang='lat' dir='ltr'>Vallis</span> <span class='ocrx_word' id='word_1_367' title='bbox 1841 4107 1918 4147; x_wconf 88' lang='lat' dir='ltr'>est</span> <span class='ocrx_word' id='word_1_368' title='bbox 1935 4132 1952 4160; x_wconf 91' lang='lat'>,</span> <span class='ocrx_word' id='word_1_369' title='bbox 1989 4111 2149 4165; x_wconf 84' lang='lat' dir='ltr'>quam</span> <span class='ocrx_word' id='word_1_370' title='bbox 2175 4094 2318 4147; x_wconf 79' lang='lat' dir='ltr'>Mela</span> <span class='ocrx_word' id='word_1_371' title='bbox 2353 4097 2523 4148; x_wconf 83' lang='lat' dir='ltr'>amnis</span> <span class='ocrx_word' id='word_1_372' title='bbox 2613 4160 2622 4167; x_wconf 88' lang='lat'><strong>.</strong></span> 
     </span>
    </p>
   </div>
   <div class='ocr_carea' id='block_1_15' title="bbox 1512 4176 2524 4245">
    <p class='ocr_par' dir='ltr' id='par_1_22' title="bbox 1512 4176 2524 4245">
     <span class='ocr_line' id='line_1_67' title="bbox 1512 4176 2524 4245; baseline 0.008 -21"><span class='ocrx_word' id='word_1_373' title='bbox 1512 4189 1611 4243; x_wconf 84' lang='lat' dir='ltr'>per</span> <span class='ocrx_word' id='word_1_374' title='bbox 1632 4191 1730 4226; x_wconf 76' lang='lat' dir='ltr'>xxv</span> <span class='ocrx_word' id='word_1_375' title='bbox 1752 4190 1816 4226; x_wconf 69' lang='lat' dir='ltr'>u.</span> <span class='ocrx_word' id='word_1_376' title='bbox 1834 4192 1968 4245; x_wconf 77' lang='lat' dir='ltr'>pass.</span> <span class='ocrx_word' id='word_1_377' title='bbox 1991 4185 2157 4239; x_wconf 74' lang='lat' dir='ltr'>secat,</span> <span class='ocrx_word' id='word_1_378' title='bbox 2182 4176 2331 4245; x_wconf 81' lang='lat' dir='ltr'>cnjus</span> <span class='ocrx_word' id='word_1_379' title='bbox 2352 4176 2524 4231; x_wconf 69' lang='lat' dir='ltr'>fauces</span> 
     </span>
    </p>
   </div>
  </div>
 </body>
</html>
