3300 5175
1149 587 1462 657 LIBER
1511 587 1651 654 lv.

2303 582 2453 680 350

325 716 422 785 ad
463 700 887 789 Garunnam³
922 713 1206 805 Celtica,
1243 717 1608 812 eademque
1649 716 2131 811 Lugdunensis.
2170 717 2338 787 Inde
2372 718 2459 787 ad

327 824 629 953 Pyrenaei
665 823 906 893 montis
945 844 1298 895 excursum
1315 812 1776 929 Agnitanica‘,
1808 809 2221 893 Aremorica⁵
2266 839 2461 893 antea

329 914 572 1001 dicta⁶.
617 931 1015 1001 Universam
1046 930 1276 1000 oram⁷
1313 954 1488 1001 xvm
1533 954 1612 1009 u.
1642 954 1814 1025 pass.
1845 930 2184 1025 Agrippa:
2216 929 2461 1001 Gallia-

422 1102 475 1156 3.
491 1101 585 1155 Aa
596 1100 893 1156 Garunnam.
903 1098 1158 1157 Eamdem
1172 1102 1358 1159 Gallie

329 1180 656 1235 divisionem
699 1182 874 1248 Mela,
913 1181 1007 1236 sed
1057 1182 1357 1237 Garunnam

333 1241 520 1325 νοόιι,
556 1260 653 1314 lib.
682 1262 794 1326 111,
833 1280 951 1334 cap.
993 1282 1063 1317 a:
1099 1264 1353 1335 -Regio,

333 1340 538 1413 inquit,
548 1358 704 1411 quam
724 1339 966 1395 incolunt
977 1344 1150 1397 omnis
1165 1342 1356 1397 Coma·

335 1432 393 1473 ta
419 1420 618 1486 Gallia,
659 1422 983 1493 populorum
1008 1423 1112 1477 tria
1152 1439 1358 1477 summa

333 1499 556 1553 uomina
567 1512 710 1566 suut;
719 1501 1172 1575 terminaturque
1181 1500 1358 1557 fluviis

333 1578 658 1649 ingentibus.
709 1581 848 1635 Nam
903 1600 938 1635 a
985 1582 1240 1652 Pyrenae
1290 1581 1358 1635 sd

339 1658 694 1726 Garumnam,
735 1660 1060 1731 Aquitania:
1097 1663 1165 1715 ab
1196 1678 1260 1715 eo
1290 1660 1360 1715 ad

337 1739 665 1809 Sequanam,
687 1738 877 1795 edm.
865 1759 878 1770 ·
893 1738 1018 1795 iude
1033 1739 1101 1793 ad
1115 1743 1362 1795 Rhenum
1381 1742 1398 1755 '

335 1816 606 1889 pertinent
625 1818 860 1911 Βάκι.»
889 1821 1198 1875 Ammianus
1217 1822 1361 1877 Mat·-

253 1904 270 1925 “
337 1897 564 1951 cellinus
582 1898 876 1970 expressius
891 1899 1098 1963 adhuc,
1119 1913 1278 1975 atque
1297 1918 1363 1954 eo

340 1974 615 2043 audacius,
619 1978 660 2031 l.
669 1979 775 2031 XV
778 1997 856 2049 ‚p.
871 1979 970 2049 59.
983 1980 1364 2055 -Temporihus

341 2056 528 2127 priscis
553 2075 722 2128 quum
757 2058 979 2112 laterent
1007 2060 1088 2112 lm
1113 2072 1288 2132 partes
1305 2070 1364 2115 ut

337 2136 876 2208 barbarum-ipanus
885 2137 1365 2205 fuissecreduntur,

340 2214 400 2269 in
423 2214 596 2269 Celtas
607 2216 926 2289 eosdemque
949 2216 1364 2283 Gallos-divim,

342 2305 400 2347 et
420 2296 711 2367 Aquitanos
728 2337 745 2362 ,
763 2310 816 2350 et
831 2298 1062 2369 Belgas..
1075 2336 1088 2351 .
1117 2310 1170 2354 et
1184 2298 1364 2352 Gallos

343 2373 589 2445 quidem,
613 2378 709 2448 qui
737 2377 900 2431 Celtn
923 2388 1049 2430 sunt
1065 2416 1081 2443 ,
1105 2380 1172 2433 ab
1199 2378 1366 2450 Aqui·

344 2454 481 2506 tanis
497 2455 772 2509 Garumna
795 2455 1123 2513 disterminat
1146 2458 1365 2525 flumen,

343 2552 378 2587 a
395 2534 656 2608 Pynnaeis
675 2535 850 2590 oriem
875 2535 1118 2604 collibus,
1137 2550 1364 2612 postque

317 2627 322 2642 '
343 2613 547 2684 oppida
571 2615 738 2668 multa
763 2627 1058 2671 transcursa
1071 2619 1130 2672 iu
1147 2618 1366 2672 Oceano

346 2691 680 2760 delitescens;
705 2713 737 2747 a
757 2695 929 2766 Belgis
952 2711 1082 2750 vero
1123 2696 1366 2752 eamdem

348 2785 558 2844 gentem
577 2775 819 2828 mmm
843 2773 1094 2829 disceruit
1107 2789 1162 2830 et
1177 2779 1367 2850 Sequa·

349 2870 444 2918 na,
466 2871 648 2906 amnes
663 2854 1044 2925 magnitudinis
1069 2855 1360 2926 gemino.-

349 2931 550 2986 Tamen
579 2951 644 2986 ex
663 2933 972 2987 nominibus
993 2947 1048 2987 et
1077 2935 1181 2990 situ
1202 2935 1370 3008 Aqui-

351 3013 506 3066 tania
555 3013 880 3084 populorum
904 3048 924 3076 ,
987 3029 1132 3083 quos·
1167 3015 1372 3068 Plinius

352 3092 512 3164 paulo
549 3105 728 3162 postea
757 3104 1069 3157 enumerat,
1111 3088 1228 3165 cafi-
1259 3095 1370 3159 33,

353 3172 660 3226 Garunnam
679 3165 702 3233 (
713 3171 790 3224 sic
813 3173 954 3225 enim
995 3171 1196 3226 habeut
1217 3173 1368 3227 MSS.

354 3269 486 3324 quos
503 3249 740 3304 vidimus
753 3289 770 3316 ,
791 3264 844 3304 et
857 3251 989 3305 alius
999 3269 1030 3304 e
1041 3251 1372 3306 Bibliotheca

356 3331 534 3384 Divio-
539 3331 887 3402 Benigniana‚
903 3344 958 3385 et
980 3330 1374 3386 vetereseditio-

357 3429 451 3465 nes
497 3429 681 3464 omnes
727 3431 758 3465 a
787 3413 1024 3466 Romana
1063 3411 1192 3464 anni
1223 3419 1370 3484 ¹47⁶

357 3509 522 3563 usque
537 3488 606 3545 ad
626 3491 1037 3558 theniauem,
1065 3509 1182 3562 qun
1203 3492 1377 3564 prima

361 3568 658 3624 &rumam
677 3569 882 3625 edidit.
869 3563 930 3638 ·)
960 3571 1275 3636 Garunnam,
1293 3571 1378 3624 in·

359 3668 558 3721 quam,
595 3652 882 3722 appellasse
923 3651 1128 3705 Plinius
1165 3650 1378 3706 videtur

361 3730 532 3800 ipsum
573 3749 786 3784 amnem
816 3732 1080 3802 Ligerim,
1103 3731 1170 3784 ab
1196 3730 1378 3785 Ande·

362 3809 570 3880 gavensi
609 3811 864 3882 regioue3
907 3811 1000 3864 ubi
1043 3814 1152 3880 jam
1202 3811 1380 3865 multis

363 3901 542 3942 auctus
563 3891 770 3963 magnis
785 3891 1114 3955 fluminibus,
1133 3889 1381 3962 deinceps

366 3969 500 4022 solus
553 3969 610 4022 in
660 3987 802 4025 mare
849 3970 1152 4024 devolvitur
1172 4007 1190 4035 ,
1227 3971 1380 4024 nullo

366 4047 584 4119 alicujus
600 4051 832 4104 nominis
846 4069 1002 4103 amne
1021 4064 1254 4121 recepto.
1275 4051 1383 4103 No-

371 4139 510 4180 verat
547 4129 594 4182 is
627 4128 772 4184 haud
823 4129 1012 4193 dubie,
1057 4130 1385 4183 Garumnam

371 4205 623 4276 similiter,
642 4211 738 4282 qui
751 4209 1022 4265 Garumna
1037 4223 1116 4264 est
1131 4211 1188 4263 in
1202 4207 1386 4263 decur-

1439 1123 1528 1169 su,
1545 1100 1792 1158 eumdem
1812 1120 1917 1173 per
1941 1104 2115 1156 leucas
2139 1101 2465 1174 quindecim,

1438 1196 1726 1255 antequam
1771 1200 1825 1235 se
1872 1182 1929 1234 in
1979 1188 2125 1237 mare
2177 1195 2425 1237 exoneret
2446 1222 2463 1247 ,

1441 1264 1769 1317 Garumnam
1817 1261 2057 1315 desinere
2084 1262 2338 1335 appellari
2356 1302 2373 1328 ,
2412 1275 2465 1315 et

1441 1342 1742 1397 Gir-undam
1766 1341 1971 1406 vocari,
2001 1359 2067 1393 ex
2113 1358 2221 1413 quo
2248 1340 2466 1395 Dordo-

1439 1424 1582 1476 uiam
1635 1440 1747 1475 non
1804 1420 2061 1492 imparem
2101 1420 2201 1473 sibi
2254 1440 2465 1475 amnem

1439 1502 1674 1575 recepit,
1720 1511 1777 1554 et
1826 1517 1937 1554 uno
1986 1498 2267 1554 decurrere
2314 1502 2467 1554 alveo

1443 1583 1602 1635 ambo
1627 1591 1922 1653 coeperunt.
1968 1580 2090 1633 Non
2130 1579 2273 1634 hunc
2303 1580 2469 1651 igitur

1443 1662 1731 1725 intellexit,
1756 1678 1921 1731 quum
1949 1659 2278 1713 Garumnam
2300 1659 2469 1722 dixin
2504 1674 2515 1683 ·

1443 1740 1704 1812 siquidem
1736 1736 1983 1794 Girunda
2011 1752 2143 1796 esset
2162 1740 2376 1805 accolis,
2407 1750 2470 1791 ut

1443 1821 1733 1875 etiamnum
1771 1831 1875 1884 est,
1917 1836 2027 1872 non
2059 1817 2349 1873 Garumna.
2382 1818 2469 1871 Sic

1444 1900 1722 1954 Danubius
1766 1899 1923 1969 longe
1964 1910 2089 1951 aute
2132 1898 2265 1952 ostiu
2289 1937 2306 1963 ,
2354 1916 2467 1951 non

1445 1980 1745 2041 Danubius,
1770 1976 1865 2032 sed
1883 1978 2027 2030 'Ister
2042 1976 2160 2029 fuit.
2190 1978 2277 2031 Sic
2306 1977 2469 2047 igitur

1445 2074 1592 2115 recte
1609 2057 1815 2111 Plinius
1840 2056 2047 2120 innuit,
2071 2057 2305 2127 Ligerim
2330 2056 2470 2109 circa

1446 2141 1580 2193 ostia
1608 2156 1703 2192 sna
1724 2138 2035 2191 Garunnam
2064 2136 2221 2189 fuisse
2241 2134 2371 2187 olim
2398 2136 2468 2187 ab

1447 2219 1640 2273 accolis
1679 2217 1983 2285 vocitatum.
2029 2214 2167 2268 Nam
2214 2215 2282 2268 ab
2310 2215 2471 2267 unius

1447 2297 1685 2351 fluminis
1706 2296 1845 2349 ostio
1868 2295 1939 2349 ad
1964 2292 2109 2349 aliud
2146 2292 2298 2347 ducit
2320 2313 2469 2346 men-

1447 2396 1594 2433 suras
1610 2417 1626 2444 ,
1641 2389 1695 2429 et
1714 2376 1847 2429 fines
1870 2376 2195 2446 populorum
2215 2372 2474 2427 distermi-

1446 2462 1555 2511 nat.
1579 2452 1756 2507 Iino.

1531 2542 1584 2600 4.
1608 2535 1926 2607 Aquitanica.
1958 2533 2037 2585 Ita
2057 2530 2213 2587 MSS.
2248 2548 2432 2585 omnes
2450 2551 2468 2585 .·

1451 2629 1511 2671 ut
1531 2613 1768 2686 Belgica,
1795 2615 2010 2668 Celtica.
2035 2612 2221 2666 Ηιιιιι.

1532 2694 1586 2752 ὅ.
1605 2695 1905 2748 Aremorica.
1925 2695 2049 2745 Vet.
2067 2689 2475 2754 Ameomiomed

1448 2791 1746 2848 perperam.
1733 2773 2037 2826 ,Veteribus
2059 2788 2291 2844 namque
2309 2769 2477 2823 Gallis

1450 2854 1720 2925 hodieque
1744 2854 1905 2906 etiam
1933 2851 2272 2915 Britonibus‚
2288 2831 2477 2903 Gallias

1451 2933 1697 3007 populis,
1718 2949 1909 2984 mmor
1934 2931 2195 3003 significat
2222 2929 2293 2981 ad
2312 2949 2474 2994 mai-e,

1453 3025 1585 3067 teste
1607 3010 1882 3066 camdeno
1908 3011 2107 3063 Britan.
2134 3029 2191 3080 p.
2222 3027 2309 3062 ιο.
2335 3006 2477 3060 vide

1455 3105 1506 3146 et
1531 3091 1793 3146 Paucis-ol.
1816 3107 1979 3162 super
1998 3089 2176 3144 Notic.
2200 3088 2295 3142 lib.
2325 3089 2407 3152 11,
2428 3105 2476 3140 c.

1459 3173 1552 3226 86.
1589 3173 1789 3224 Dauo.
1820 3183 1874 3222 et
1902 3171 2081 3222 Ηιιιι.

1537 3253 1594 3304 6.
1617 3249 2481 3319 Antea.D·1ee.ame‚1-epngnaute

1459 3329 1642 3385 chiffl.
1676 3329 1783 3384 Ειι.

1542 3427 1595 3480 7.
1619 3409 1894 3463 Universum
1908 3425 2043 3460 oram
2058 3411 2243 3458 1711!
2260 3405 2336 3458 M.
2345 3425 2481 3476 pass.

1463 3491 1720 3561 Agrippa,
1759 3502 1857 3543 etc.
1903 3488 2051 3541 Libri
2078 3489 2331 3542 hacteuus
2356 3483 2483 3537 editi

1463 3570 1568 3629 hoo
1613 3581 1818 3623 tantum
1836 3607 1851 3634 ,
1894 3570 2123 3640 Agrippa
2166 3569 2486 3619 univer-sarm

1469 3649 1749 3703 Galliam
1761 3652 1907 3713 inter,
1922 3649 2237 3701 etc.Verum
2250 3665 2315 3700 ex
2328 3644 2486 3698 MSS.

1465 3731 1593 3802 Reg.
1633 3747 1659 3781 1
1678 3769 1695 3793 ‚
1720 3747 1747 3781 ι
1770 3767 1785 3792 ,
1810 3726 2047 3782 Colbert.
2078 3745 2101 3780 1
2122 3766 2136 3791 ,
2162 3745 2189 3778 ι
2211 3764 2225 3784 ,
2250 3725 2413 3777 Paris.
2436 3737 2490 3776 et

1464 3809 1638 3863 Tolet.
1662 3808 1891 3862 lectione
1902 3847 1919 3873 ,
1934 3825 2091 3878 quam
2107 3806 2270 3858 secuti
2292 3821 2491 3865 sumus,

1467 3903 1574 3943 tres
1583 3887 1804 3942 omnino
1816 3888 2057 3959 apposite
2068 3883 2221 3938 reddi
2234 3898 2491 3937 mensurae

1466 3967 1735 4033 videntur,
1762 3985 1823 4021 ex
1838 3965 2229 4020 commentariis
2246 3961 2494 4033 Agrippae

1469 4047 1731 4119 decerpto
1754 4065 1768 4100 :
1793 4045 2216 4117 adnavigationis
2258 4043 2495 4114 primum

1472 4128 1673 4200 gallico
1697 4145 1804 4180 oras
1828 4126 2015 4190 totius,
2047 4141 2147 4196 per
2176 4123 2446 4176 Oceanum
2468 4137 2499 4172 a

1475 4206 1653 4262 Scaldi
1674 4207 1841 4261 fluvio
1861 4223 2027 4278 usque
2058 4203 2125 4258 ad
2157 4203 2498 4274 Pyramum,

2162 4299 2287 4380 23⁴
