3300 5175
1030 590 1038 597 ,
1150 510 1452 581 LIBER
1513 512 1648 580 lv,
1716 508 1722 519 ·

2312 512 2459 609 309

301 638 532 727 Neso,
565 638 888 710 Cerintho
907 689 927 724 ,
973 642 1189 730 Oreo,
1234 644 1412 732 Dio,
1451 643 1774 764 AEdepso‚
1823 644 2054 731 Oche,
2098 644 2457 717 OEchalia:

303 771 502 816 nunc
541 743 924 816 Chalcide¹⁰
937 799 958 831 ‚
989 748 1179 843 cujus
1195 773 1274 818 ex
1302 749 1632 820 adverso
1611 776 1684 818 m
1712 751 2079 821 continenti
2106 751 2295 823 Aulis
2322 769 2453 824 est.
2524 790 2533 797 ·

305 850 683 923 Geraest0¹¹
697 906 720 940 ,
754 854 1053 940 Eretria,
1093 857 1415 995 Carysto,
1436 854 1777 926 Oritano¹²
1796 908 1817 941 ‚
1852 858 2237 946 Artemisi0‚
2271 859 2457 930 fonte

304 944 710 1029 Arethusa¹³
716 958 1041 1049 ‚flumine
1063 950 1415 1033 Lelanto¹⁴
1427 1017 1448 1052 ,
1477 964 1794 1058 aquisque
1819 962 2045 1033 calidis
2060 989 2255 1061 ‚quae
2274 965 2455 1037 Ello·

305 1062 485 1159 piae¹
492 1051 910 1154 ⁵vocantur,
945 1067 1232 1139 nobilis·
1265 1071 1501 1201 notior‘3
1513 1084 1737 1141 tamen
1758 1092 2092 1139 marmore
2128 1074 2453 1167 Carystio.

305 1173 536 1241 Antea
567 1174 858 1243 vocitata
883 1188 984 1245 est
1009 1162 1501 1247 Chalcodotis¹3
1503 1231 1524 1264 ‚
1559 1191 1677 1246 aut
1697 1176 1979 1264 Macris,
2004 1191 2077 1246 ut
2096 1180 2457 1273 Dionysius
2495 1204 2526 1255 3

309 1291 386 1347 et
417 1277 732 1373 Ephorus
769 1280 1090 1351 tradunt:
1119 1296 1196 1353 ut
1221 1283 1578 1372 Aristides,
1615 1285 1886 1352 Macra.
1918 1298 1994 1352 ut
2018 1282 2459 1371 Callidemus,

309 1382 589 1454 Chalcis
605 1436 626 1473 ,
656 1410 786 1455 aere
809 1385 902 1455 ibi
927 1389 1218 1482 primum
1248 1405 1514 1486 reperto
1543 1410 1560 1454 ε
1599 1405 1679 1459 ut
1703 1390 2160 1460 Menaechmus
2182 1444 2201 1479 ‚
2229 1392 2458 1461 Aban·

311 1490 448 1560 tias
475 1514 493 1560 ε
526 1505 603 1561 ut
631 1505 844 1587 poetae
879 1490 1122 1589 vulgoss
1166 1498 1429 1591 Asopis.

319 1655 549 1719 Cer-itha,
589 1676 693 1731 pro
729 1656 893 1725 Nero,
936 1658 1183 1714 Cerintho.
1233 1660 1339 1715 En.

407 1754 496 1791 10.
526 1737 673 1792 Nunc
718 1737 964 1792 Chalcide.
1006 1740 1196 1803 Χαλκὶς
1227 1742 1338 1794 Eu-

315 1816 517 1870 stathio
549 1818 654 1871 loc.
681 1818 773 1871 cit.
797 1817 1041 1891 aliisque.
1063 1819 1245 1874 Hodie
1273 1822 1342 1875 ab

314 1895 531 1967 Euripo
559 1896 810 1955 affluente
845 1900 1156 1971 Nigr-cpont,
1195 1901 1346 1972 quasi

317 1978 370 2029 ἰν
415 1977 614 2050 Εὐρίπῳ
633 2016 651 2041 ,
692 1996 853 2050 quam
891 1997 1078 2033 vocem
1133 1980 1348 2052 sequior

319 2074 451 2109 usus
487 2056 546 2111 in
585 2056 780 2129 Egi-ipo
815 2060 1226 2115 transformavit.
1263 2062 1344 2113 De

320 2133 522 2189 Aulide
545 2134 779 2191 diximus
797 2156 914 2211 cap.
951 2158 1042 2194 rs.
1069 2138 1248 2193 Hnn.

408 2232 433 2268 1
447 2234 498 2270 1.
524 2216 772 2285 Geram,
790 2230 888 2273 etc.
910 2218 1086 2274 Dalec.
1113 2218 1344 2286 Gema»,

321 2306 386 2348 nt
418 2314 600 2367 supra.
638 2296 745 2351 En.
778 2330 864 2343 —-
891 2300 1126 2371 Γιραιςὸς
1169 2300 1310 2371 κώμη
1327 2337 1345 2365 ,

319 2386 511 2429 contra
537 2375 789 2440 Sunium,
822 2379 1007 2431 Attica
1033 2391 1348 2449 promonto-

319 2454 466 2507 rium
482 2494 499 2520 ,
517 2467 578 2508 ut
599 2468 786 2509 auctor
806 2469 886 2510 est
905 2458 1096 2511 Strabo
1113 2498 1131 2523 ,
1155 2458 1252 2513 lib.
1273 2460 1346 2525 X,

319 2550 444 2607 pag.
485 2537 620 2599 446.
662 2534 839 2587 Hodie
877 2537 1091 2591 Iustum.
1135 2526 1348 2608 Ἐριτρὶα

322 2613 576 2668 Straboni
597 2631 812 2686 quoquc
830 2615 953 2669 loco
977 2615 1138 2669 citato
1153 2654 1170 2681 ,
1201 2634 1347 2670 nunc

330 2694 529 2746 Tmeeo.
553 2695 780 2765 Κάρυςός
804 2695 1076 2768 Stephano
1093 2729 1110 2756 ‚
1141 2693 1212 2750 de
1234 2715 1347 2767 quo

322 2772 528 2844 oppido
572 2773 664 2826 ille
711 2774 882 2828 multa
921 2793 936 2827 ε
976 2793 1126 2828 nunc
1182 2775 1352 2828 Ceste!

331 2854 501 2910 Ruso,
562 2853 950 2926 opulentissima
1005 2855 1240 2926 Carystos
1299 2867 1350 2908 ee

334 2932 561 2998 Chalcis,
587 2933 766 3006 inquit
788 2932 932 2988 Mela
953 2970 970 2997 ,
997 2934 1092 2988 lib.
1122 2935 1208 3004 11,
1228 2953 1347 3007 cap.

333 3031 388 3084 7,
415 3031 538 3084 pag.
565 3014 658 3074 43.
687 3014 768 3068 De
793 3013 1020 3067 Oritsno
1041 3013 1179 3066 nihil
1201 3033 1350 3068 com·

331 3105 560 3165 portum.
591 3095 672 3146 De
699 3093 986 3148 Artemisio
1007 3092 1350 3160 Ptolemaeus,

332 3173 425 3226 lib.
458 3174 572 3235 111,
606 3191 666 3227 ca
708 3212 724 3226 .
763 3172 868 3240 15,
898 3166 1175 3246 Ᾰρτίμιδος
1205 3175 1348 3246 ἱερόν.

335 3253 632 3325 Stephano,
655 3193 963 3325 Xprqsiem.
997 3254 1180 3307 nm.

419 3351 510 3387 n.
576 3331 804 3387 oritano.
862 3335 986 3388 Vct.
1032 3351 1121 3406 ap.
1171 3333 1352 3388 Dalec.

341 3413 595 3468 Omanae.
617 3413 728 3467 En.

421 3491 510 3546 13.
559 3493 718 3545 Fonte
773 3493 1039 3547 Arethusa.
1101 3495 1182 3548 De
1245 3511 1354 3566 quo

337 3571 522 3626 Strabo
559 3571 948 3640 consulendus,
982 3573 1082 3627 lib.
1131 3575 1192 3640 1,
1231 3591 1351 3645 pag.

342 3651 431 3708 58.
457 3653 644 3708 Eun.

419 3738 510 3795 14,
530 3734 750 3798 Lelanto.
781 3732 1032 3787 Fluvium
1063 3732 1218 3804 igniti
1253 3732 1356 3786 luti

341 3825 488 3868 terrie
533 3813 688 3868 hiatu
737 3813 974 3884 erupisse
1024 3813 1082 3866 in
1133 3813 1356 3867 Lelanto

341 3911 526 3964 campo
550 3892 696 3947 idem
723 3893 912 3947 Strabo
932 3904 1114 3947 narrat
1132 3892 1239 3946 loc.
1265 3894 1354 3946 cit.

345 3973 408 4026 Et
429 3993 600 4046 prope
619 3973 826 4028 Oreum
837 3975 1112 4028 Κάλλαντα
1127 3975 1354 4044 ποταμὸν

346 4050 483 4106 idem
516 4055 776 4120 collocat,
807 4055 904 4107 lib.
935 4052 1020 4118 X,
1047 4071 1168 4125 pag.
1211 4053 1320 4116 445
1342 4091 1359 4116 ,

345 4149 496 4202 quem
523 4151 624 4204 pro
654 4133 816 4189 Plinii
847 4135 1070 4188 Lelanto
1110 4133 1277 4204 accipi
1314 4133 1358 4185 si

1434 1659 1554 1734 quis
1577 1659 1741 1727 velit,
1765 1679 1876 1714 non
1908 1658 2203 1715 admodum
2234 1661 2461 1717 relucta-

1432 1742 1552 1795 bor.
1582 1740 1771 1794 Hsnn.

1527 1821 1620 1875 15.
1666 1820 1795 1890 Qua
1842 1820 2077 1892 Ellopia.
2118 1821 2297 1874 Dnlec.
2336 1820 2458 1875 cod.

1433 1900 1699 1971 Hellopiae.
1739 1900 1847 1953 En.
1867 1931 1949 1942 —-
1976 1901 2060 1953 Ab
2104 1900 2314 1972 Ellopia
2349 1902 2459 1954 Eu-

1433 1980 1568 2033 boeae
1591 1979 1833 2050 regione,
1859 1978 1929 2033 de
1952 1998 2059 2053 qua
2084 1978 2307 2046 Strabo,
2338 1998 2457 2052 pag.

1436 2063 1571 2125 446.
1599 2059 1781 2113 Eun.

1521 2146 1610 2194 16.
1640 2138 1969 2193 Chalcodoeis.
1999 2138 2165 2205 Qnod
2190 2157 2260 2192 ωε
2281 2136 2457 2210 pri'ma

1433 2217 1663 2285 dederit,
1683 2238 1787 2271 aere
1805 2219 1911 2285 ibi,
1932 2232 1991 2273 ut
2014 2238 2141 2275 mox
2160 2218 2461 2291 subjicitur,

1433 2298 1672 2370 primum
1711 2310 1943 2371 reperto.
1980 2300 2063 2353 Ita
2100 2299 2261 2353 scribi
2290 2317 2457 2369 porro

1433 2376 1495 2431 id
1519 2378 1865 2440 vocabulum,
1894 2390 2009 2431 tum
2025 2378 2183 2432 MSS.
2204 2391 2458 2444 monent,

1435 2458 1567 2529 neg.
1613 2476 1673 2524 1,
1706 2478 1772 2524 α,
1814 2458 1971 2512 Colb·
2015 2477 2078 2523 1,
2108 2478 2174 2519 σε,
2210 2469 2311 2512 etc.
2342 2469 2459 2510 tum

1435 2536 1612 2592 Greci
1641 2538 1900 2591 sermonis
1928 2537 2227 2609 proprietas
2254 2536 2417 2609 exigit
2443 2556 2456 2589 :

1435 2634 1546 2668 non
1587 2627 1649 2667 ut
1688 2616 1943 2669 hactenns
1980 2615 2212 2682 editum,
2249 2616 2461 2670 Chalco-

1435 2695 1596 2748 dontis
1643 2695 1733 2748 Sic
1770 2695 1969 2768 Μακρὶς
2011 2714 2043 2749 n
2093 2694 2463 2766 longitudine,

1436 2771 1708 2847 Stephano
1738 2772 1877 2829 dictu
1899 2787 2008 2839 est,
2031 2776 2117 2829 vel
2138 2777 2344 2848 Μακροὶ.
2377 2778 2461 2828 Ab

1437 2855 1740 2909 Ahantibus
1776 2854 1871 2927 qui
1912 2873 2031 2908 eam
2063 2854 2159 2907 diu
2206 2866 2459 2919 tenuere,

1439 2927 1712 2996 Aea-2244·
1738 2926 1956 2995 Ᾰὸαντὶς
1974 2934 2269 2999 Pausania,
2291 2935 2458 2988 Eliac.

1437 3015 1604 3086 prior.
1664 3014 1761 3068 lib.
1808 3015 1899 3079 V,
1945 3032 2066 3086 pag.
2120 3014 2249 3068 332.
2303 3013 2463 3067 Unde

1439 3096 1560 3166 ἱερὸν
1602 3089 1753 3156 οὖδας
1785 3086 2026 3161 Abiit-mv
2054 3112 2085 3147 a
2116 3095 2319 3147 Nonno
2359 3113 2462 3166 np-

1439 3175 1703 3246 pellatur,
1737 3174 1963 3245 Dionys.
2000 3172 2097 3226 lib.
2134 3174 2305 3237 xm,
2342 3193 2463 3246 pag.

1443 3255 1574 3309 361.
1603 3255 1816 3308 Nomen
1843 3265 2133 3324 utrumque
2160 3253 2366 3326 hymno
2404 3255 2463 3306 in

1443 3335 1672 3399 Delum,
1700 3333 2055 3388 Callimachus
2084 3351 2137 3386 v.
2181 3351 2283 3399 so,
2317 3352 2464 3386 com-

1441 3415 1645 3486 plexus.
1670 3413 1865 3484 Μακρὶς
1884 3405 2135 3474 Agamem:
2154 3400 2464 3480 ἑλλοπιῆωνς
2518 3447 2525 3454 ·

1444 3507 1499 3548 ct
1523 3493 1745 3567 Dionys.
1768 3492 1974 3565 Perieg.
2001 3511 2055 3546 v.
2086 3491 2208 3546 Sao.
2231 3495 2317 3546 Ab
2338 3496 2467 3546 Aso-

1441 3573 1570 3646 pide
1609 3570 1807 3627 deinde
1828 3611 1844 3638 ,
1880 3574 1987 3626 hoo
2030 3583 2143 3640 est,
2189 3591 2219 3625 a
2252 3575 2463 3635 Danae,

1441 3653 1530 3708 vel
1560 3654 1751 3724 AEgina
1782 3653 1948 3724 Asopi
1988 3652 2099 3705 mia
2133 3665 2465 3724 postremum

1445 3734 1496 3788 ei
1525 3751 1726 3788 nomen
1760 3745 1837 3786 est
1880 3731 2113 3786 inditum
2148 3751 2163 3784 ε
2208 3735 2468 3802 Scymnus

1443 3813 1644 3880 Chius,
1670 3815 1789 3886 pag.
1836 3815 1935 3872 23.
1968 3811 2039 3866 de
2064 3812 2224 3865 variis
2252 3813 2470 3866 Euboean

1445 3893 1925 3996 appellationibus.
1959 3892 2051 3946 Διὰ
2079 3893 2169 3952 τὴν
2202 3893 2375 3963 φύσιν,
2412 3895 2469 3946 τὸ

1443 3975 1705 4046 πρότερον,
1729 3976 1793 4034 ὣς
1821 3973 1980 4043 φησὶν,
2012 3973 2242 4043 Mantele,
2264 3961 2471 4026 Eat-stru

1447 4055 1548 4106 ἀπὸ
1573 4059 1663 4114 τῆς
1686 4054 1951 4126 λεγομένης
1978 4043 2275 4117 Ᾰσώπιδος,
2300 4054 2473 4123 Χρόνῳ

1447 4131 1673 4186 λαθοῦσαι
1706 4133 1955 4204 τοῦνομα,
1988 4130 2173 4186 Εὕὸοια
2204 4133 2370 4187 πάλιν.
2404 4131 2476 4184 11.

2020 4225 2159 4310 203
