3300 5175
1128 538 1442 607 LIBER
1497 538 1648 607 ΙΙΙ.

315 656 634 741 branici⁸⁶

315 764 584 847 Vasio⁸⁸
587 832 608 862 ,
647 792 713 846 et
746 780 782 845 I.
785 762 1038 845 ucus⁸⁹
1077 778 1378 871 Augusti.

2362 540 2458 613 65

665 669 1202 739 ‘Vocontiorum
1243 672 1525 739 civitatis
1545 652 1594 709 ⁸⁷
1647 652 1982 741 foederatae
2030 672 2166 741 duo
2210 676 2463 779 capita,

1427 767 1691 872 Oppida
1729 800 1893 846 vero
1940 778 2249 873 ignobilia
2304 806 2459 865 xlx3

313 884 488 953 sicut
545 884 710 951 xxiv
766 883 1350 953 Nemausiensibus
1390 883 1730 953 attributa.
1776 883 2039 977 Adjecit
2091 858 2463 965 formulae4⁰

311 988 532 1059 Galba
571 992 947 1085 Imperator
988 1014 1066 1057 ex
1101 989 1416 1086 Inalpinis
1453 989 1813 1059 Avanticos
1833 988 1910 1079 ⁹¹,
1945 1006 2149 1105 atque
2183 992 2465 1086 Bodion-

309 1173 519 1229 dirimit
535 1190 776 1247 patentes·
791 1172 996 1229 influxu
1013 1190 1028 1227 t
1049 1174 1142 1245 qui
1161 1192 1191 1225 s
1209 1188 1346 1246 prn-

310 1254 462 1309 dicto
476 1269 655 1309 moute
673 1253 922 1309 recedens
939 1267 1057 1327 post
1073 1251 1344 1307 modicum

312 1348 470 1389 terrai
515 1336 740 1407 spatium
786 1336 968 1386 Tamo
1013 1335 1348 1405 immergitur

311 1414 539 1467 flumini.
573 1440 594 1461 ι
629 1412 882 1467 Nondum
915 1427 1025 1467 erat
1053 1414 1210 1467 Mons
1254 1414 1348 1465 Al·

309 1495 484 1547 banus
503 1495 852 1566 Episcopatus
866 1494 1024 1547 titulo
1037 1493 1318 1571 insignitus
1330 1512 1348 1556 ;

307 1588 490 1647 postea
501 1574 805 1627 caturcensi
815 1572 1026 1627 dioecesi
1035 1586 1112 1626 est
1123 1574 1348 1627 avulsus.

309 1684 386 1696 —
407 1652 732 1707 Posteriores
759 1672 786 1705 a
802 1652 1106 1706 Taruscone
1127 1652 1346 1723 Salyum

305 1732 522 1803 oppido
550 1752 745 1787 nomen
770 1734 1034 1797 habuere,
1051 1732 1346 1803 Ἰόιρουσιιὼν

307 1812 632 1874 Ptolemaeo,
665 1813 757 1867 lib.
805 1814 891 1878 11,
921 1830 1042 1883 cap.
1077 1830 1140 1865 ιο
1159 1850 1176 1877 ,
1203 1830 1350 1865 nunc

313 1894 590 1959 Tae-ascon,
615 1891 683 1945 ad
730 1890 1066 1945 Rhodanum.
1097 1893 1162 1945 In
1194 1890 1346 1944 MSS.

305 1972 440 2043 Reg.
481 1992 530 2037 1,
568 1994 620 2038 2,
641 1973 875 2026 Colbert.
919 1990 970 2035 ι,
1010 1990 1037 2024 2
1061 2011 1076 2036 ,
1102 1984 1155 2024 et
1179 1970 1347 2025 Paris.

313 2044 530 2106 Taseom'
539 2094 554 2117 ,
592 2046 1041 2104 Taracunonienses.
1059 2050 1210 2103 Libri
1232 2052 1346 2103 vul-

304 2132 415 2203 gati
426 2171 441 2196 ‚
468 2132 840 2185 Tascoduniearae‘
847 2173 865 2196 ,
886 2130 935 2185 C
930 2136 1201 2184 onom‘enses
1204 2170 1221 2193 ,
1237 2148 1347 2183 om·

305 2213 442 2265 nino
470 2211 750 2277 mendose,
771 2224 832 2264 ut
862 2212 941 2263 vel
980 2230 1044 2262 ex
1073 2211 1186 2282 ipsa
1209 2211 1344 2264 serie

304 2293 693 2346 elementorum
721 2292 905 2363 liquet.
932 2288 1081 2343 Adeo
1103 2310 1209 2343 non
1229 2290 1343 2360 pls-

305 2384 392 2425 cet
436 2374 736 2443 conjectura
770 2368 966 2425 eruditi
1013 2368 1143 2434 viri,
1182 2370 1340 2423 scribi

303 2452 382 2504 ita
416 2452 652 2522 jubentis
686 2468 698 2504 :
742 2448 1101 2517 Tae-ascoduni,
1152 2450 1224 2502 Ta
1229 2452 1336 2529 mi,

311 2534 530 2584 Tonom'e
529 2552 634 2584 uses
666 2550 685 2584 .·
715 2544 776 2584 ut
823 2530 865 2583 si
906 2529 1216 2583 Tasconos'
1202 2548 1342 2610 ipsos

305 2631 610 2691 expungere
655 2612 888 2682 cuipiam
933 2611 1192 2672 libuerit,
1241 2628 1338 2664 ceu

303 2691 542 2766 ineptam
576 2693 723 2746 vocis
748 2691 1114 2764 subsequentis
1143 2690 1337 2762 repeti-

303 2772 540 2832 tionem,
572 2792 632 2825 sc
660 2773 799 2824 solos
825 2772 1053 2824 retinere
1076 2769 1336 2823 Tarusco-

299 2853 540 2916 ilienses,
565 2850 710 2906 haud
735 2865 945 2922 gravate
975 2851 1072 2902 sim
1098 2867 1335 2904 assensu-

287 2951 414 2990 sus,
455 2931 590 2984 Nam
619 2931 824 2984 Tarnos
865 2927 932 2982 'ab
975 2947 1129 2982 amne
1160 2927 1336 2982 Tarne

299 3011 676 3074 comminisci,
717 3012 1012 3064 otiosorum
1055 3008 1332 3062 hominum

300 3090 517 3144 videtur
533 3110 679 3144 esse:
699 3090 1061 3158 Tononienses
1083 3107 1114 3141 a
1137 3087 1333 3142 Saban-

298 3169 392 3224 dia
432 3172 490 3224 in
534 3171 858 3244 provinciam
901 3169 1332 3232 Narbonensem,

299 3270 592 3312 accersere,
621 3269 777 3322 quam
805 3249 968 3303 solam
993 3247 1195 3300 Plinius
1217 3267 1330 3301 ιιιο-

299 3329 375 3384 do
405 3331 722 3402 perlustrat,
755 3329 1163 3402 ἀγιωγραφιὶτων.
1179 3328 1247 3380 H.

385 3409 477 3464 86.
507 3411 796 3464 Umbramci.
826 3410 888 3462 In
925 3410 1060 3463 Tab.
1085 3407 1326 3480 Peutinss.

299 3491 476 3563 Segm.
514 3509 570 3555 1,
609 3491 914 3550 Umbram'cia
944 3489 1140 3560 legitur
1157 3507 1331 3560 prope

297 3571 499 3625 volcas
538 3571 849 3642 Tectosages
893 3583 946 3622 et
987 3573 1327 3622 Nemausum.

297 3649 464 3704 Unde
489 3663 638 3721 putat
653 3649 952 3704 Petusium·
967 3635 1086 3700 illos
1109 3647 1329 3717 provin-

299 3731 426 3796 cie,
455 3749 598 3784 nunc
629 3729 968 3801 De'partement
990 3728 1102 3780 del’
1104 3727 1330 3800 Aveymn

294 3823 515 3876 vocate,
532 3810 812 3864 australem
839 3808 1064 3862 tenuisse
1089 3819 1295 3878 partem
1317 3843 1332 3870 ,

296 3909 411 3964 quo
437 3891 557 3944 loco
575 3890 730 3943 situm
755 3902 832 3942 est
852 3885 1114 3964 oppidum
1131 3887 1188 3938 V
1177 3885 1329 3938 abr-es.

383 3971 476 4040 87.
523 3971 764 4024 Civitates.
798 3970 915 4022 Hoc
937 3981 1014 4021 est
1031 4007 1046 4032 ,
1069 3966 1328 4038 regionis,

296 4051 410 4104 sive
437 4051 607 4120 gentis
623 4091 639 4116 ,
657 4069 766 4102 non
809 4045 1013 4121 oppidi.
1031 4047 1148 4100 ΗΑΒ
1157 4065 1209 4099 n.

385 4130 458 4185 88
470 4172 482 4183 .
499 4131 667 4184 Vasio.
682 4129 768 4182 Sic
788 4129 844 4180 in
858 4127 1142 4182 Ptolemaeo
1157 4143 1170 4178 ε
1187 4125 1331 4196 apud

297 4211 482 4263 Dulce.
503 4223 556 4262 et
577 4210 691 4264 Elz.
717 4209 894 4261 Vasco.
931 4205 1104 4260 Hodie
1124 4207 1180 4255 V
1174 4210 1328 4265 aison,

409 4323 506 4388 II.

1433 1172 1755 1246 ‹lapan-rement
1770 1175 1831 1227 ele
1848 1174 1911 1227 V
1900 1176 2114 1243 auclm
2144 1174 2307 1233 leucis
2332 1196 2461 1251 qus·

1431 1267 1556 1307 tuor
1584 1255 1653 1307 ab
1687 1254 1904 1326 Omnge.
1936 1254 2043 1312 En.

1518 1336 1608 1402 89.
1619 1335 2015 1407 LucusAugusti.
2029 1335 2311 1409 Oppidum
2326 1338 2455 1396 olim

1434 1412 1767 1465 submersum
1788 1416 1902 1468 lacu
1923 1455 1937 1477 ‚
1963 1435 2123 1487 quem
2148 1416 2349 1470 Drumn
2368 1418 2464 1473 flu-

1435 1493 1554 1547 vius
1573 1494 1823 1547 effecerat
1839 1532 1855 1559 ,
1882 1514 2048 1567 quum
2073 1494 2238 1549 vicini
2264 1496 2463 1553 montis

1436 1573 1594 1627 ruins
1637 1591 1899 1644 aquarum
1940 1593 2125 1631 cursus
2170 1576 2464 1649 impeditus

1437 1666 1588 1707 esset.
1631 1652 1955 1709 Etiamnunc
2000 1654 2189 1727 oppidi
2224 1658 2463 1729 reliquia

1435 1733 1685 1785 visuntur
1732 1734 1870 1786 intra
1914 1734 2205 1791 Lucensem
2254 1737 2461 1799 lacum,

1435 1808 1604 1882 ptop'e
1653 1830 1817 1885 quem
1856 1816 2120 1884 posterius
2164 1828 2461 1871 exstructus

1435 1891 1536 1943 suit
1573 1910 1773 1964 pagus,
1817 1892 1982 1947 hodie
2008 1894 2080 1946 Le
2110 1896 2213 1947 Luc
2252 1894 2459 1957 dictus,

1436 1983 1562 2023 teste
1599 1972 1666 2024 N.
1709 1972 1965 2029 Cnosius
2006 1973 2063 2027 in
2098 1974 2301 2029 Hister.
2332 1978 2457 2033 Del·

1432 2050 1703 2121 pbinstus.
1726 2053 1861 2105 Luci
1877 2053 2269 2111 Vocontiorum
2283 2059 2459 2117 muni·

1432 2130 1558 2201 cipii
1579 2130 1997 2187 meminitTacit.
2006 2133 2207 2197 Eiet-1,
2228 2136 2456 2191 66.Vi‹1.

1433 2221 1559 2263 tom.
1577 2210 1681 2277 111,
1696 2230 1816 2283 pag.
1834 2231 1931 2283 97,
1955 2210 2081 2266 edit.
2094 2227 2259 2267 nostr.
2273 2216 2375 2273 Eo.

1514 2308 1606 2359 90.
1625 2289 1886 2344 Fomulae.
1922 2294 2041 2345 Hoc
2054 2305 2159 2359 est,
2171 2294 2389 2349 Tabula
2406 2310 2457 2349 et

1427 2367 1624 2434 indici,
1658 2372 1766 2423 sive
1804 2372 2010 2442 syllsho
2054 2373 2454 2446 provinciarum

1427 2436 1650 2515 Galliae,
1676 2448 1897 2530 adjecit
1910 2451 2079 2505 Galba
2117 2471 2181 2505 ex
2208 2455 2457 2522 gentibus

1425 2514 1710 2606 Inalpinis,
1734 2530 2019 2585 Avanticos
2040 2544 2198 2603 atque
2218 2532 2455 2590 Bodion-

1425 2608 1597 2704 tipus.¹
1609 2611 1791 2665 Hnn.

1508 2710 1572 2760 9
1551 2655 1603 2744 i..
1639 2693 1906 2755 Arauricus
1941 2703 2084 2764 atque
2105 2694 2453 2748 Bodaebnee'cos:

1425 2789 1622 2840 quorum
1643 2772 1869 2842 oppidum
1892 2771 2067 2826 De‘m'a.
2090 2773 2179 2826 Sic
2201 2774 2323 2828 libri
2342 2793 2455 2830 om-

1423 2866 1519 2902 nes
1554 2861 1671 2902 tum
1710 2849 1838 2904 editi
1861 2889 1878 2912 ‚
1909 2865 2023 2904 tum
2066 2870 2229 2906 manu
2256 2857 2451 2908 exarati

1378 2924 1382 2930 ’
1423 2929 1923 3002 anteoss'ermolsum
1942 2970 1957 2996 ,
1988 2931 2079 3002 qui
2105 2949 2205 3002 pro
2230 2933 2451 2986 Bodion-

1417 3010 1556 3082 giee's,
1590 3009 1921 3064 Ebrodaneios
1952 3007 2181 3064 fidenter
2220 3012 2452 3068 inculca-

1420 3088 1526 3152 vit,
1545 3106 1811 3161 quemque
1838 3090 1999 3144 secuti
2026 3102 2149 3142 sunt
2184 3092 2363 3154 Doleo.
2396 3107 2451 3146 et

1421 3168 1598 3222 Elzev.
1645 3169 1757 3221 Nos
1786 3182 1963 3222 autem
1998 3167 2333 3224 lietduinum
2356 3176 2451 3245 qui

1397 3247 1652 3318 'priorem
1698 3247 1981 3312 lectionem
2022 3250 2275 3315 restituit,
2302 3255 2451 3323 sequi

1417 3345 1523 3379 non
1539 3326 2269 3382 dubitavimus.—-Ebroduni
2286 3331 2451 3400 enim,

1417 3406 1562 3478 quod
1578 3407 1891 3477 Caturigum
1912 3421 1989 3461 est
2012 3406 2273 3479 oppidum
2292 3449 2309 3472 ,
2330 3429 2449 3483 cap-

1425 3492 1494 3550 ²4
1510 3523 1528 3550 ,
1555 3486 1800 3540 meminit
1826 3488 2161 3560 Nostersqui
2188 3503 2327 3544 certe
2366 3493 2451 3546 bis

1418 3563 1661 3620 eamdem
1686 3580 1897 3638 gentem
1920 3569 2021 3620 sub
2037 3565 2259 3622 diversis
2273 3573 2449 3625 uomi-

1417 3646 1576 3698 nibus
1593 3647 1797 3716 signare
1814 3647 1889 3700 sic
1912 3666 2018 3700 non
2038 3648 2233 3718 potuit.
2253 3652 2323 3702 At
2338 3670 2445 3706 non

1421 3725 1587 3778 levior
1608 3724 1843 3798 ejusdem
1869 3727 2139 3782 Hermolai
2162 3729 2367 3800 lapsus,
2394 3745 2447 3784 et

1421 3803 1771 3860 Guillimanni
1790 3845 1805 3871 ,
1844 3806 1939 3878 qui
1987 3807 2335 3862 Hermolaum
2366 3829 2448 3864 se·

1420 3897 1576 3938 cutus
1587 3898 1689 3950 est,
1710 3905 1876 3958 quum
1893 3888 2159 3940 Avanticis
2182 3886 2449 3960 oppidum

1421 3963 1578 4018 fuisse
1613 3966 1953 4028 Aventicum,
1987 3965 2157 4020 hodie
2192 3968 2447 4032 Amatae.

1420 4043 1622 4102 credin
1647 4043 1795 4116 quod
1836 4044 2055 4116 quidem
2086 4044 2349 4117 oppidum
2380 4050 2449 4102 si·

1422 4135 1534 4176 tum
1584 4138 1661 4178 est
1704 4125 1863 4196 longe
1906 4143 2065 4196 supra
2116 4127 2447 4182 hmsnnum

1421 4204 1618 4264 lacum,
1635 4201 1749 4274 'quo
1776 4217 1950 4258 tamen
1978 4205 2098 4259 lacu
2124 4205 2303 4260 claudi
2322 4226 2447 4279 pro-

2029 4310 2068 4385 5
