3300 5175
804 898 872 931 10

907 521 1005 591 28
1436 520 1512 589 C.
1571 520 1919 595 PLINII
1976 523 2193 591 NAT.
2252 522 2517 589 HIST.

903 677 1022 723 ma
1058 652 1350 720 venienti
1390 676 1601 746 prope
1632 653 2011 722 Maenobam
2056 676 2321 721 amnem
2360 666 2427 723 et
2454 655 2671 747 ipsum
2704 652 3049 749 navigabi-

833 794 846 807 ··
906 760 1071 847 lem,
1105 757 1288 827 haud
1327 758 1563 852 procul
1595 757 1905 830 accolunt
1937 756 2419 854 Alontigiceli¹²
2422 812 2442 847 ‚
2478 757 2784 854 Alostigi.

1009 867 1179 955 Quae
1208 879 1428 934 autem
1470 867 1657 997 regio
1684 889 1726 934 a
1752 868 1911 936 Baeti
1948 866 2035 935 ad
2070 864 2349 937 fluvium
2380 868 2595 935 Anam
2626 864 2840 935 tendit
2864 880 3053 936 extra

903 971 1252 1067 praedicta,
1289 958 1637 1042 Baeturia¹³
1680 971 2093 1111 appellatur,
2128 975 2197 1042 in
2234 972 2399 1042 duas
2430 971 2642 1041 divisa
2678 987 2930 1067 partes,
2958 987 3054 1042 to-

903 1078 1239 1173 tidemque
1269 1092 1542 1173 gentes.
1575 1066 1929 1149 Celticos¹⁴¹
1960 1082 2114 1209 qui⁵
2106 1080 2516 1149 Lusitaniam
2546 1082 2911 1175 attingunt,
2940 1082 3052 1148 Hi·

903 1184 1224 1280 spalensis
1262 1199 1685 1255 conventus:
1710 1170 2138 1274 Tu1·dulos¹⁵,
2183 1188 2299 1281 qui
2330 1187 2747 1255 Lusitaniam
2787 1200 2855 1254 et
2887 1188 3052 1255 Tar·

909 1316 1342 1361 raconensem
1386 1289 1801 1381 accolunt,
1776 1292 1963 1386 Jura¹
1968 1279 2413 1363 ⁵Cordubam
2456 1308 2715 1386 petunt.
2761 1292 3055 1363 Celticos

907 1423 946 1467 a
967 1396 1367 1469 Celtiberis*
1389 1424 1472 1468 ex
1498 1402 1842 1469 Lusitania
1870 1399 2212 1469 advenisse
2236 1398 2659 1468 manifestum
2679 1414 2779 1468 est
2787 1402 3055 1520 ,osacris,

910 1504 1168 1601 lingua,
1206 1504 1608 1600 oppidorum
1653 1506 2030 1592 vocabulis,
2064 1532 2212 1601 quae
2256 1506 2764 1600 cognominibus
2809 1508 2879 1575 in
2914 1510 3053 1577 13ae-

849 1673 856 1683 .
912 1614 1042 1681 tica
1078 1611 1617 1707 distinguuntur:
1662 1600 1926 1683 Seriae¹⁸
1972 1613 2281 1707 adjicitur
2322 1615 2523 1681 Fama
2557 1611 2776 1683 Julia:
2808 1614 3055 1683 Nerto-

1000 1886 1024 1921 1
1037 1886 1091 1919 a.
1123 1868 1440 1938 Alontigiceli
1453 1906 1469 1933 ,
1512 1868 1752 1939 Alostigi.
1783 1867 1935 1923 Mss.
2026 1886 2139 1934 sus,
2162 1850 2711 1941 septemtrionalisqne
2730 1887 2855 1939 pars
2874 1869 3061 1940 Hispa·

913 1948 1042 2019 Reg·
1069 1960 1124 2000 et
1143 1946 1315 2001 'Colb.
1340 1948 1586 2019 Alontigss
1628 1948 1937 2019 Coele'lostigi.

914 2026 1106 2081 Chiffi·
1125 2027 1364 2097 Alastigi.
1391 2028 1769 2099 Alontigicelos
1787 2030 1940 2100 iuxta

913 2107 1104 2159 urbem
1152 2108 1208 2160 F
1203 2108 1438 2179 rigiliana
1481 2108 1638 2179 ponit
1690 2108 1898 2161 Samson
1920 2150 1936 2171 ,

2027 1947 2187 2003 leusis
2216 1948 2401 2021 regni,
2430 1948 2597 2022 Reym
2620 1950 2680 2001 de
2699 1948 2899 2003 Seviua.
2926 1950 3031 2001 En.

2116 2031 2207 2081 16.
2247 2030 2373 2083 Jara
2420 2028 2713 2083 Cordubam.
2766 2029 2903 2083 Sunt
2946 2029 3055 2083 fori

2029 2122 2431 2180 conventusque
2472 2108 2853 2163 Cordubensis.
2888 2109 2956 2162 H.
2978 2140 3061 2149 —

913 2187 1182 2257 Alostigos
1207 2200 1382 2260 sutem
1401 2190 1552 2258 juxta
1575 2187 1842 2258 Ahnagia,
1862 2189 1963 2241 in-
2029 2188 2206 2241 Scribi
2272 2188 2451 2243 malim
2516 2188 2781 2252 Cor-daban
2834 2188 3061 2259 perinde

916 2280 996 2321 ter
1011 2268 1234 2337 -Malaga
1265 2279 1321 2320 et
1348 2268 1647 2340 Amequera.
1676 2269 1781 2323 En.

1003 2366 1024 2400 1
1039 2347 1090 2400 3.
1122 2348 1364 2401 Baeturia.
1387 2349 1652 2418 Bau-supin.
1674 2347 1943 2413 Straboni,

913 2427 1012 2479 lib.
1034 2428 1150 2491 111,
1173 2444 1292 2499 pag.
1331 2433 1459 2491 κάει.
1485 2422 1646 2480 Nunc
1666 2445 1857 2498 magna
1880 2446 1944 2481 ex

916 2520 1066 2577 parte
1084 2507 1326 2559 Pete-oclus
1345 2505 1559 2572 dicitur,
1578 2508 1649 2559 ob
1672 2520 1943 2577 petrarum

917 2585 1267 2658 frequentiam
1281 2626 1296 2652 ,
1337 2599 1465 2641 teste
1508 2587 1542 2640 J
1543 2607 1597 2640 o.
1647 2584 1946 2659 Sepulveda

918 2665 1267 2720 Cordubense
1282 2705 1299 2731 ,
1320 2664 1388 2719 de
1409 2667 1580 2739 patria
1605 2687 1699 2720 sua
1722 2669 1796 2721 sic
1816 2668 1947 2722 scri-

915 2747 1077 2800 bente
1093 2745 1165 2800 ad
1186 2747 1492 2800 Pintianum
1504 2786 1521 2812 ,
1536 2748 1630 2802 lib.
1647 2747 1753 2813 111,
1772 2748 1943 2818 Epist.

925 2825 1016 2890 45.
1039 2826 1224 2880 Ham).

1008 2926 1030 2959 r
1045 2913 1099 2970 4.
1140 2906 1347 2960 Celticos
1363 2947 1380 2971 ,
1423 2910 1511 2980 qai
1540 2907 1841 2959 Lusitaniam
1869 2920 1949 2959 at·

917 2991 1130 3057 tingunt.
1161 2988 1263 3040 Eas
1287 2986 1529 3058 regiones
1553 2987 1837 3040 incoluisse
1868 2989 1950 3040 vi·

919 3065 1118 3120 dentur
1155 3066 1376 3132 Celtici,
1415 3085 1533 3138 quc
1585 3066 1727 3120 inter
1770 3082 1953 3120 amnes

925 3147 1286 3220 Guadalqaivir
1329 3158 1384 3200 et
1441 3145 1709 3200 Gaudiana
1743 3148 1920 3219 jacent
1935 3186 1951 3210 ‚

915 3228 1134 3280 circiter
1171 3245 1340 3298 usque
1380 3226 1604 3297 Badajoz
1629 3227 1949 3293 [civitatem3

921 3307 1124 3360 scilicet
1185 3308 1494 3360 orientalem
1555 3320 1762 3378 partem
1824 3325 1950 3379 pro·

925 3387 1114 3440 vincioe
1132 3406 1292 3458 quam
1310 3387 1540 3456 Alemejo
1552 3399 1763 3452 vocant,
1780 3387 1957 3440 Estra-

926 3465 1161 3520 madurae
1195 3468 1473 3520 australem
1506 3479 1713 3538 partem
1732 3505 1749 3532 ,
1788 3485 1954 3538 usque

923 3547 1116 3600 urbem
1159 3547 1386 3617 Badajoz
1403 3587 1419 3611 ,
1441 3546 1953 3618 septemtrionalem·

925 3645 1030 3698 que
1043 3639 1250 3696 partem
1263 3626 1414 3698 regni
1429 3625 1773 3698 Hispalensis,
1786 3627 1955 3697 Restio

923 3707 984 3758 de
1009 3706 1204 3760 Sevilla.
1233 3708 1338 3761 ΕΙ).

1015 3805 1037 3839 1
1053 3789 1106 3841 5.
1146 3787 1411 3848 Turdulos,
1457 3790 1540 3856 qui
1579 3786 1883 3838 Lusitaniam
1908 3799 1956 3838 ee

935 3869 1339 3919 Tarraconensem
1419 3867 1657 3920 accolunt.
1734 3865 1953 3920 Scilicet

927 3948 1071 4003 hanc
1121 3946 1402 4000 Lusitania
1448 3958 1503 4000 et
1546 3947 1957 4000 Tarraconensis

929 4041 1166 4093 nartem,
1203 4045 1321 4098 quae
1361 4025 1525 4080 hodie
1569 4024 1958 4081 Estramadurae

927 4125 1050 4182 pars
1070 4120 1150 4162 est
1175 4110 1320 4179 juxta
1351 4103 1614 4178 oppidum
1643 4105 1794 4178 quod
1814 4127 1957 4159 nunc

927 4187 1152 4256 Badajo:
1202 4201 1423 4252 vocant,
1455 4201 1630 4242 ortum
1672 4187 1792 4240 solis
1838 4206 1957 4240 ver·

2026 2286 2260 2339 namque
2278 2282 2355 2323 est
2370 2280 2529 2340 atque
2546 2268 2589 2323 si
2607 2268 2881 2322 Turdulos
2901 2269 3063 2323 hosce

2030 2347 2135 2400 fori
2174 2347 2538 2403 Cordubensis
2576 2368 2687 2403 esse
2728 2347 2947 2402 dixisset
2970 2362 3065 2401 aut

2028 2441 2339 2482 conventus.
2370 2430 2571 2481 Daue.

2120 2525 2143 2559 1
2156 2526 2187 2577 7
2198 2546 2211 2559 .
2227 2508 2283 2561 A
2306 2508 2574 2563 Celtiberis.
2590 2510 2637 2560 A
2652 2506 2931 2562 Celtiberis
2948 2508 3068 2579 qui-

2031 2584 2189 2654 dem,
2232 2589 2491 2660 quoniam
2529 2585 2861 2662 oppidorum
2901 2607 3065 2642 voca-

2032 2667 2159 2722 bula
2214 2669 2271 2720 in
2323 2668 2613 2723 Celtiberia
2668 2687 2883 2740 quoque
2934 2681 3063 2722 sunt

2032 2747 2207 2820 paria,
2234 2748 2291 2800 in
2318 2747 2514 2802 Baetica
2543 2748 2951 2820 cognominibus
2976 2747 3063 2802 di·

2032 2827 2379 2898 stinguuntur
2422 2844 2437 2880 t
2494 2827 2552 2880 in
2606 2828 2881 2882 Lusitania
2931 2847 3063 2882 vero

2037 2907 2335 2961 Celtiberos
2366 2907 2662 2962 consedisse
2688 2909 2869 2978 prius,
2898 2926 3063 2980 quam

2034 2987 2093 3040 in
2116 2987 2401 3041 Baeturiam
2428 2989 2858 3059 commigrarent,
2876 2986 3068 3041 suadet

2035 3066 2261 3136 lingum,
2307 3086 2684 3140 sacrorumque
2728 3067 3063 3122 similitudo:

2038 3158 2091 3200 et
2116 3146 2339 3200 nomina
2362 3148 2523 3202 etiam
2548 3148 2807 3202 nonnulla
2830 3147 3066 3219 oppido-

2036 3244 2159 3280 rum
2187 3227 2417 3297 gemina.
2458 3227 2617 3281 Hunc
2649 3228 2833 3281 locum
2868 3229 3068 3282 frustra

2036 3306 2329 3360 sollicitant
2358 3307 2663 3373 Pintianus,
2690 3321 2741 3361 et
2762 3307 2982 3361 Salmas.
3008 3310 3065 3360 in

2041 3387 2211 3440 Solin.
2244 3405 2365 3458 pag.
2402 3405 2541 3458 279,
2576 3399 2763 3442 contra
2800 3387 3069 3441 librorum

2040 3467 2283 3519 omnium
2306 3485 2649 3521 consensum.
2681 3467 2863 3520 Hau.

2128 3547 2211 3600 18.
2242 3545 2396 3600 Serioe
2422 3547 2669 3618 adjicitur.
2695 3545 3067 3618 subintellige,

2040 3645 2353 3697 cognomen.
2399 3627 2555 3680 Prius
2591 3627 2885 3699 legebatur,
2926 3625 3068 3680 Seria

2042 3725 2153 3779 quae
2166 3705 2347 3760 dicitur
2368 3708 2527 3761 Fama
2551 3707 2691 3760 Iulia
2713 3727 2733 3760 .·
2756 3708 2814 3758 V
2806 3707 3063 3777 ertebrige,

2048 3786 2369 3841 Concordia..
2386 3827 2401 3839 .
2422 3826 2435 3840 .
2454 3827 2467 3840 .
2498 3785 2799 3840 Callensibus
2820 3788 3070 3840 Emanici.

2044 3867 2223 3930 Quam
2246 3867 2530 3922 lectionem
2560 3867 2804 3922 vitiosam
2840 3864 3073 3921 ostendit

2043 3944 2253 4000 dissona
2288 3965 2319 3999 a
2360 3948 2541 4018 priore
2574 3960 2731 4017 parte
2764 3947 3075 4018 posterioris

2042 4039 2303 4080 structura
2344 4027 2619 4080 sermonis.
2666 4028 2777 4081 Nos
2824 4025 3069 4082 codicum

2045 4108 2174 4176 neg.
2220 4125 2279 4170 1,
2315 4127 2383 4168 2,
2422 4106 2577 4161 Colb.
2624 4127 2685 4171 ι,
2727 4128 2792 4172 2,
2822 4121 2873 4160 et
2904 4106 3071 4160 Paris.

2044 4184 2207 4240 fidem
2246 4188 2411 4241 secuti
2448 4207 2661 4252 sumus,
2692 4200 2750 4242 ut
2790 4189 2905 4242 fene
2934 4187 3071 4240 sole-
