3300 5175
685 609 692 616 ·
787 567 939 644 204

783 720 1012 766 eorum
1033 749 1054 783 ,
1096 681 1508 784 Virunum³,
1551 683 1811 766 Celeia⁴
1833 747 1853 782 ,

1312 567 1389 634 C.
1447 567 1788 635 PLINII
1840 567 2061 637 NAT.
2120 568 2379 636 HIST.

1888 699 2173 766 Teurnia
2190 683 2214 722 ⁵
2231 747 2250 784 ,
2296 697 2639 792 Aguntum
2652 681 2678 719 ⁶
2695 751 2715 786 ,
2752 698 2917 766 via-

783 801 1077 871 niomina
1087 800 1136 884 ⁷,
1161 799 1437 872 Claudia
1451 789 1497 890 ⁸,
1531 801 1831 872 Flavium
1848 802 1875 842 ⁹
1900 803 2233 874 Solvense.
2256 804 2522 874 Noricis
2537 803 2918 898 junguntur

783 906 1024 977 lacus¹⁰
1065 908 1294 996 Peis0,
1329 908 1588 978 deserta
1607 911 1921 980 Boiorum
1944 909 2023 976 ¹¹:
2046 911 2185 1005 jam
2214 925 2437 980 tamen
2463 908 2723 980 colonia
2752 911 2915 979 Divi

783 1012 1048 1083 Claudii
1073 1013 1428 1102 Sabaria¹²‚
1447 1030 1515 1084 et
1540 1015 1787 1111 oppido
1813 1003 2295 1086 Scarabantia¹³
2313 1021 2350 1086 J
2353 1015 2488 1086 ulia
2502 1016 2911 1085 habitantur.

783 1161 1125 1228 Danubium,
1154 1160 1607 1216 Mediterraneum
1640 1162 1803 1234 Alpes

785 1259 983 1294 versus.
1013 1241 1120 1294 En.

871 1320 923 1375 3.
956 1321 1014 1372 V
1008 1323 1213 1372 imnum.
1238 1318 1404 1392 Apud
1432 1321 1648 1374 Gruter.
1680 1339 1801 1393 pag.

790 1399 933 1470 569,
968 1399 1236 1454 Nomous.
1279 1400 1413 1454 Gon.
1460 1402 1523 1454 C.
1557 1398 1801 1454 vano.

782 1478 952 1551 Apud
977 1477 1202 1533 Ptolem.
1228 1479 1322 1533 lib.
1353 1482 1432 1543 11,
1463 1498 1578 1551 cap.
1615 1485 1714 1545 14,
1746 1480 1803 1532 in

782 1559 990 1612 ‘Norico
1045 1561 1318 1628 Οὖΐρουνον.
1374 1559 1532 1612 Nunc
1551 1597 1568 1624 ‚
1617 1572 1679 1612 ut
1729 1561 1806 1614 ait

783 1637 1111 1705 n’Anvxm,
1126 1639 1216 1692 W
1209 1639 1488 1702 olle-markt,
1501 1637 1570 1692 ad
1587 1657 1800 1692 amnem

783 1718 1047 1784 Dravum,
1072 1737 1231 1791 quem
1257 1719 1417 1772 hodie
1440 1721 1584 1771 Drau
1607 1731 1807 1774 vocant

783 1797 972 1851 incola
987 1837 1004 1864 ,
1026 1818 1124 1852 nos
1145 1799 1196 1850 la
1221 1800 1406 1852 Drave.
1425 1797 1608 1851 Hum.
1628 1811 1682 1851 et
1696 1801 1800 1853 En.

868 1884 923 1941 4.
969 1877 1150 1931 Celeia.
1197 1882 1381 1932 Κίλιιοι
1424 1878 1648 1932 Ptolem.
1694 1878 1819 1930 loc.·

783 1955 874 2010 eit.
902 1957 1104 2012 Gruter
1127 1977 1246 2031 pag.
1282 1960 1422 2024 130,
1448 1958 1692 2023 Cunna,
1718 1977 1803 2010 re-

781 2048 934 2108 perta
971 2038 1250 2112 inscriptio
1293 2039 1352 2091 in
1393 2037 1656 2098 Carnioloe
1701 2057 1803 2109 op-

783 2113 915 2186 pido
935 2156 952 2183 ‚
984 2117 1133 2188 quod
1160 2130 1424 2172 vetustum
1449 2135 1649 2170 nomen
1673 2116 1804 2171 reti-

783 2208 905 2261 net,
937 2197 1114 2270 Cilley.
1144 2197 1323 2252 Hum.

866 2275 920 2329 5.
951 2277 1180 2331 Teurnia.
1209 2277 1431 2330 Ptolem.
1459 2277 1578 2330 loco
1609 2277 1769 2330 citato
1785 2313 1801 2335 ‚

783 2357 1032 2426 Τιουρνὶα.
1088 2358 1246 2410 Nunc
1302 2356 1564 2424 Lumfdde
1585 2394 1602 2423 ,
1657 2353 1804 2409 haud

783 2434 941 2507 l‘onge
971 2436 1040 2489 ab
1071 2435 1333 2509 oppidulo
1368 2436 1556 2507 Spital,
1583 2447 1804 2490 auctore

783 2513 1087 2568 Mannerto.
1117 2517 1224 2568 En.

865 2595 918 2647 6.
956 2598 1227 2665 Aguntum.
1286 2582 1526 2665 Ἀγουντον
1570 2595 1799 2649 Ptolem.

782 2673 890 2725 loc.
919 2675 1007 2727 cit.
1043 2674 1267 2729 Fortun.
1303 2674 1418 2727 Vit.
1444 2673 1497 2727 S.
1523 2674 1679 2725 Mart.
1704 2673 1800 2725 lib.

783 2751 896 2817 lv,
934 2772 988 2805 v.
1020 2756 1134 2817 646
1166 2772 1180 2805 ε
1224 2753 1372 2805 «Per
1412 2754 1649 2806 Dravum
1695 2752 1803 2806 itur

783 2830 919 2897 iter,
945 2852 1050 2905 qua
1073 2851 1131 2887 se
1162 2831 1372 2887 castella
1404 2834 1668 2905 supinant.
1696 2832 1801 2885 Hic

783 2926 1038 2968 montana
1071 2913 1257 2968 sedens
1296 2913 1352 2965 in
1397 2913 1534 2966 colle
1564 2911 1805 2983 superbit

780 2992 1042 3063 Aguntur-
1057 3020 1079 3042 a
1105 2993 1263 3048 Haud
1277 2994 1437 3065 longe
1451 3011 1480 3046 a
1501 2992 1667 3045 Dravi
1686 2992 1803 3045 fon·

781 3072 924 3127 tibus
951 3074 1112 3127 situm
1138 3074 1270 3139 fuit,
1297 3074 1451 3144 juxta
1477 3070 1802 3144 oppidulum

782 3150 1032 3219 lambeta,
1044 3165 1106 3207 ut
1117 3152 1338 3207 aitidem
1354 3153 1680 3205 Mannertus.
1696 3152 1799 3203 En.

866 3251 921 3301 7.
940 3234 998 3286 V
993 3236 1273 3286 ianiomiaa.
1287 3232 1438 3286 MSS.
1454 3250 1652 3291 omnes,
1668 3232 1799 3301 neg.

783 3310 940 3365 Colb.
977 3326 1079 3367 etc.
1117 3312 1293 3365 Parm.
1326 3311 1454 3365 edit.
1489 3312 1546 3363 V
1540 3316 1683 3363 ivano
1705 3330 1803 3361 mo-

783 3394 944 3457 mnia,
972 3392 1285 3446 Hermolaus
1305 3409 1369 3445 ex
1395 3392 1595 3445 Rhaetia
1619 3390 1801 3444 Ptole-

781 3471 934 3537 moei,
965 3472 1126 3524 Viana
1152 3472 1390 3543 primum
1407 3510 1423 3535 ,
1450 3490 1574 3525 mox
1595 3490 1658 3524 ex
1678 3488 1802 3525 con·

778 3550 986 3619 iectura
1021 3551 1260 3603 AEmom‘a
1291 3548 1512 3619 adjecit,
1548 3568 1709 3622 quam
1742 3550 1800 3602 in

780 3628 888 3682 hoc
923 3642 1096 3683 tractu
1125 3629 1338 3701 agnovit
1365 3649 1542 3683 nemo.
1572 3630 1797 3683 Vianio·

779 3708 927 3762 mina
940 3708 1102 3761 Plinii
1121 3720 1231 3774 eat;
1249 3727 1366 3779 quoe
1379 3709 1650 3762 Antonino
1669 3710 1801 3761 vin-

781 3785 996 3842 dobona
1013 3827 1029 3853 ‚
1055 3806 1086 3841 a
1113 3788 1480 3853 Scarabantia,
1508 3806 1572 3841 κ.
1595 3808 1647 3841 1⁸.
1675 3806 1795 3854 mv,

780 3879 836 3921 et
855 3868 982 3922 alibi
1003 3865 1348 3921 Vindomona
1374 3865 1603 3933 dicitur,
1630 3867 1687 3919 in
1710 3867 1797 3919 iti-

779 3966 908 4001 nere
927 3946 998 4002 de
1021 3948 1307 4002 Pannoniis
1329 3947 1386 4000 in
1405 3946 1604 4000 Gallias
1619 3964 1632 4000 :
1650 3945 1793 4018 apud

779 4025 997 4082 Gruter.
1019 4047 1138 4101 pag.
1167 4027 1278 4092 540
1294 4067 1311 4093 ,
1333 4028 1578 4080 Vunu.
1601 4028 1796 4081 Incolis

777 4104 938 4161 hodie
962 4108 1052 4169 W
1044 4112 1121 4161 ien
1135 4148 1150 4175 ,
1175 4108 1331 4161 nobis
1361 4108 1417 4159 V
1412 4110 1546 4159 terme
1572 4108 1795 4161 Austriae

777 4200 951 4258 caput.
987 4188 1168 4242 Ham).
1196 4200 1249 4241 et
1273 4188 1375 4241 En.

1972 1163 2026 1215 8.
2065 1161 2296 1216 Claudia.
2330 1159 2653 1216 Κλαυδιούῖον
2686 1164 2911 1218 Ptolem.

1890 1242 1947 1295 in
1972 1242 2172 1295 Norico
2194 1280 2211 1309 ‚
2234 1242 2337 1296 loc.
2362 1243 2455 1296 cit.
2480 1243 2636 1296 Nunc
2652 1281 2669 1310 ‚
2702 1244 2747 1295 si
2776 1243 2913 1298 Clu-

1886 1321 2037 1374 verio
2076 1318 2213 1375 fide·
2230 1359 2248 1388 ,
2291 1322 2502 1376 Clausen
2540 1322 2774 1375 Bavariae
2818 1325 2911 1378 vi-

1891 1418 2002 1454 cus.
2030 1401 2138 1454 En.

1972 1497 2026 1550 9.
2050 1480 2275 1534 Flavium
2306 1479 2545 1534 Soluense.
2577 1479 2740 1552 Apud
2764 1481 2913 1535 Gru-

1890 1571 1989 1613 ter.
2043 1559 2324 1631 inscriptio
2372 1573 2583 1632 reperta
2632 1560 2812 1614 Cibini
2850 1563 2911 1616 in

1888 1637 2190 1710 Hungaria,
2227 1640 2322 1694 ΕΙ..
2364 1641 2554 1694 Sonn.
2594 1638 2771 1693 Hodie
2793 1679 2811 1706 .‚
2850 1654 2912 1694 ut

1888 1719 1963 1772 ait
1980 1719 2318 1784 Nannenus,
2345 1717 2564 1788 Sofiki,
2586 1717 2731 1772 baud
2752 1721 2911 1793 longe

1887 1817 1919 1850 a
1945 1799 2264 1869 Klagenfurt.
2291 1801 2399 1852 En.

1976 1896 2060 1932 ιο.
2104 1879 2265 1930 Lacus
2303 1880 2467 1932 Peiso.
2513 1879 2728 1933 Rectius
2768 1880 2910 1933 forte

1889 1958 2002 2010 lacu
2039 1956 2207 2029 Speiso
2229 1977 2250 2011 :
2289 1970 2352 2011 ut
2376 1959 2478 2026 sit,
2508 1960 2627 2012 lacn
2649 1960 2744 2012 illo
2780 1979 2911 2012 con-

1884 2036 2036 2108 jungi
2070 2038 2281 2092 Noricis
2308 2035 2514 2091 deserta
2539 2039 2809 2092 Boiorum.
2837 2039 2908 2093 H.

1888 2117 2247 2188 ——Plerique,
2272 2135 2404 2188 quos
2424 2119 2563 2170 inter
2580 2116 2911 2183 n’Amum,

1888 2196 2032 2250 hunc
2074 2197 2247 2250 lacum
2288 2215 2412 2249 eum
2450 2215 2563 2250 esse
2610 2197 2915 2250 existimant

1890 2293 2051 2348 quem
2092 2277 2282 2331 incolae
2312 2275 2473 2330 hodie
2509 2275 2798 2330 Nemiedtee·
2823 2275 2915 2328 See

1888 2369 2108 2421 vocant,
2130 2355 2275 2409 haud
2302 2357 2460 2427 longe
2480 2374 2509 2408 a
2542 2355 2871 2409 Vindobona
2894 2375 2909 2409 :

1889 2435 2199 2489 Mannertus
2222 2448 2422 2497 autem,
2452 2435 2543 2506 qui
2570 2453 2771 2488 nomen
2794 2438 2913 2506 ejus

1890 2515 2085 2568 rectius
2119 2515 2271 2567 Pelso
2306 2514 2467 2567 scribi
2500 2515 2608 2578 ait,
2646 2533 2769 2567 eum
2799 2533 2913 2569 esse

1890 2595 2005 2647 vult
2038 2614 2198 2666 quem
2217 2593 2379 2648 hodie
2399 2596 2618 2647 Balaton
2638 2595 2749 2648 sive
2772 2596 2915 2646 Plat-

1890 2686 1969 2725 ωτι
2006 2674 2097 2727 See
2127 2686 2319 2727 vocant
2332 2712 2350 2738 ‚
2390 2693 2553 2745 quem
2582 2672 2709 2727 vide
2750 2675 2911 2745 Geog.

1889 2754 1977 2806 der·
2008 2755 2246 2808 Gn'ecloen
2275 2753 2379 2805 aad
2413 2754 2602 2806 Romer.
2642 2754 2750 2807 vol.
2794 2756 2911 2819 ΠΙ,

1889 2852 2010 2905 pag.
2043 2833 2170 2887 565.
2196 2835 2301 2887 En.

1977 2933 1999 2966 1
2017 2932 2065 2967 1.
2122 2913 2329 2965 Deserta
2380 2912 2628 2966 Boiorum.
2687 2914 2912 2967 Deserta

1887 2991 2001 3045 baec
2016 3030 2034 3057 ‚
2062 2993 2259 3063 quibus
2280 3011 2310 3045 a
2333 2992 2607 3047 Pannonia
2642 2991 2912 3046 discerne-

1888 3072 2047 3125 batur
2064 3072 2321 3125 Noricum
2334 3112 2349 3138 ,
2372 3072 2526 3127 facile
2546 3085 2911 3145 agnoscuntur

1890 3152 1947 3204 in
1990 3170 2051 3205 ea
2091 3151 2307 3221 regione
2345 3152 2617 3205 montibus
2657 3164 2711 3205 et
2747 3152 2910 3226 sylvis

1888 3244 2121 3285 scatente
2143 3249 2248 3302 qua
2266 3231 2625 3287 circumdatur
2643 3231 2789 3285 lacus
2806 3233 2912 3285 Ba·-

1890 3312 2040 3364 laton.
2068 3312 2173 3363 En.

1976 3408 2065 3444 12.
2107 3390 2333 3443 Sabaria.
2372 3389 2549 3443 Hodie
2589 3389 2799 3456 Sar-var,
2840 3388 2910 3443 ad

1888 3470 2087 3523 flumen
2100 3470 2258 3532 Raab,
2277 3471 2334 3523 in
2353 3469 2641 3542 Hungariae
2658 3469 2912 3523 Austrin-

1888 3570 1993 3623 que
2022 3550 2277 3603 confinio.
2307 3550 2391 3601 Ibi
2418 3563 2631 3622 reperta
2664 3549 2906 3621 inscript.

1886 3647 2046 3702 quam
2078 3629 2241 3683 refert
2271 3630 2568 3695 Grutem,
2606 3648 2725 3701 pag.
2760 3631 2873 3699 389
2892 3667 2908 3693 2

1887 3712 1950 3763 C.
1978 3710 2039 3763 C.
2070 3711 2123 3763 S.
2156 3708 2260 3762 hoc
2287 3722 2392 3775 est,
2426 3710 2651 3763 Colonia
2684 3708 2909 3762 Claudia

1885 3788 2119 3843 Sabaria.
2150 3791 2397 3858 Σαουαρία.
2427 3789 2653 3842 Ptolem.
2689 3789 2785 3841 lib.
2820 3790 2910 3855 11,

1884 3887 2001 3940 cap.
2029 3874 2091 3921 15
2111 3907 2128 3933 ‚
2150 3869 2207 3921 in
2228 3868 2501 3921 Pannonia
2520 3870 2813 3939 superiore.
2838 3868 2911 3921 Et

1882 3947 2027 4020 apud
2052 3947 2225 4003 Goltz.
2250 3947 2459 4002 Claudii
2475 3966 2748 4014 nummus,
2770 3948 2909 4001 Cor..

1883 4030 2080 4082 Sanan.
2128 4028 2467 4081 Cmvmuu.
2515 4030 2783 4082 Avevsn.
2834 4028 2904 4079 H.

1883 4120 1935 4161 et
1958 4108 2064 4160 En.

1968 4206 1990 4239 1
2006 4188 2057 4241 3.
2088 4186 2427 4239 Scarabantia.
2464 4188 2510 4238 A
2552 4186 2767 4241 Sabaria
2782 4224 2798 4250 ,
2834 4202 2900 4239 Π.
