3300 5175
1322 471 1398 570 c'.
1452 499 1782 571 PLINII
1829 499 2046 570 NAT.
2100 500 2355 572 msT.

779 637 1055 712 Bisaltae.
1125 636 1302 705 Dein
1366 633 1777 706 Macedoniae
1835 635 2159 704 terminus
2171 621 2223 664 ⁴⁰
2280 633 2493 702 amnis
2552 635 2871 728 Strymon
2892 685 2913 720 ,

779 760 965 816 ortus
1029 745 1099 812 in
1151 745 1404 812 Haemo.
1476 739 1987 812 Memorandum
2004 794 2022 828 ,
2075 742 2143 808 in
2198 753 2449 834 septem
2516 737 2699 810 lacus
2754 764 2915 810 eum

781 851 967 921 fundi
985 902 1003 928 ,
1035 851 1419 945 priusquam
1451 846 1696 943 dirigat
1722 871 2013 916 cursum.

887 960 1050 1027 Haec
1075 970 1177 1025 est
1195 952 1591 1024 Macedonia
1611 1003 1629 1040 ‚
1653 969 1983 1024 terrarum
1996 952 2273 1047 imperio
2299 952 2511 1045 potita
2534 951 2909 1045 quondam:

778 504 934 612 276ι

781 1065 925 1136 haec
980 1065 1204 1134 Asiam
1225 1115 1245 1148 ,
1281 1062 1699 1146 Armeniam,
1756 1060 2073 1144 Iber-iam,
2130 1057 2477 1126 Albaniam
2496 1111 2515 1144 ,
2558 1057 2913 1153 Cappado-

781 1171 983 1254 ciam,
998 1169 1282 1263 Syriam,
1305 1168 1666 1261 AEgyptum
1684 1217 1701 1249 ,
1725 1169 2017 1234 Taurum
2032 1218 2051 1250 ‚
2072 1166 2449 1234 Caucasum
2468 1177 2912 1258 transgressa:

780 1277 925 1346 haec
959 1278 1029 1345 in
1057 1273 1339 1361 BactriS,
1369 1271 1589 1343 Medis
1609 1325 1630 1357 ‚
1656 1272 1870 1342 Persis
1896 1270 2261 1356 dominata,
2288 1284 2431 1338 toto
2460 1273 2734 1339 Oriente
2761 1295 2915 1366 pos·

785 1405 1024 1452 sesso.
1067 1380 1211 1450 haec
1253 1380 1448 1447 etiam
1489 1377 1699 1447 Indiae
1732 1379 2011 1464 victrix,
2052 1400 2173 1471 per
2205 1377 2483 1470 vestigia
2526 1375 2753 1460 Liberi
2785 1379 2917 1446 Pa-

785 1489 906 1557 tris
943 1500 1141 1580 atque
1183 1483 1485 1554 Herculis
1529 1499 1829 1579 vagata:
1875 1484 2020 1554 haec
2058 1482 2287 1552 eadem
2332 1497 2433 1551 est
2476 1481 2867 1552 Macedonia
2898 1536 2917 1568 ‚

787 1593 976 1687 cujus
1003 1617 1140 1662 uno
1176 1576 1340 1660 die⁴¹
1377 1589 1621 1660 Paulus
1659 1588 1957 1660 AEmilius
1988 1591 2365 1684 Imperator
2397 1603 2623 1657 noster
2657 1604 2919 1683 septua-

789 1701 970 1794 ginta
1003 1699 1168 1768 duas
1213 1697 1412 1766 urbes
1449 1697 1742 1791 direptas
1780 1695 2093 1765 vendidit.
2146 1697 2426 1763 Tantam
2478 1693 2917 1764 differentiam

789 1807 982 1875 sortis
1007 1805 1366 1898 praestitere
1391 1803 1526 1873 duo
1557 1800 1928 1872 homines²
1878 1789 1948 1869 ⁴².

895 1898 1387 2026 XV111.(113)
1423 1893 1710 1976 Thracia
1742 1908 2071 2036 sequitur,
2114 1907 2287 1973 inter
2321 1904 2755 1977 validissimas
2790 1910 2924 1976 Eu·

791 2042 970 2111 ropae
1013 2029 1278 2111 gente5‚
1319 2014 1387 2081 in
1429 2011 1805 2108 strategias¹
1842 2012 2319 2108 quinquaginta
2353 2010 2583 2082 divisa.
2626 2011 2915 2108 Populo·

791 2148 941 2192 rum
967 2121 1141 2215 ejuS,
1180 2144 1346 2214 quos
1369 2119 1713 2188 nominare
1748 2143 1885 2187 non
1923 2119 2171 2213 pigeat,
2198 2141 2462 2189 amnem
2503 2122 2927 2256 Strymonem

794 2226 1102 2299 accolunt
1148 2224 1381 2294 dextro
1415 2223 1657 2294 latere²
1700 2222 2070 2294 Denseletae
2098 2238 2165 2292 et
2192 2210 2411 2293 Μεάί3
2429 2225 2577 2310 ,ad
2612 2213 2927 2296 Bisaltas⁴

669 2355 677 2363 ·
795 2359 1004 2430 usque
1043 2355 1244 2426 supra
1287 2330 1540 2402 dictos:
1583 2329 1750 2400 laevo
1772 2315 2126 2426 ,Digeri⁵,
2161 2318 2680 2426 Bessorumque⁶
2718 2332 2927 2402 multa

791 2615 980 2657 nostro
1007 2598 1288 2655 Parisiensi
1309 2618 1567 2655 nummus
1583 2621 1648 2654 ex
1672 2620 1775 2655 are
1804 2620 1817 2654 ε

796 2684 982 2733 ΘΕΟΟ.
1039 2684 1289 2731 KAICAP.
1353 2682 1691 2731 CEBACTOC.
1754 2679 1819 2731 In

795 2779 977 2815 aversa
1002 2770 1152 2831 parte
1177 2760 1392 2829 Europa
1419 2772 1570 2813 tauro
1599 2758 1822 2825 insidet,

797 2852 858 2893 ut
881 2840 1044 2909 vulgo
1075 2836 1329 2901 creditur,
1350 2857 1472 2891 cum
1496 2838 1787 2909 epigraphe
1802 2875 1818 2903 ,

798 2924 1201 2973 ΔΜΦΙΠΟΔΙΤ.
1224 2914 1403 2970 Ηιιιι.
1417 2950 1498 2960 -—
1513 2914 1823 2991 Dalecamp.

800 2998 1106 3071 Amphipolis
1125 2996 1274 3049 libera
1305 2998 1442 3065 gem,
1461 2997 1687 3050 Bisaltae.
1715 2999 1821 3051 En.

883 3084 972 3141 4ο.
1057 3076 1360 3131 Macedon&
1437 3080 1679 3131 terminus.
1743 3080 1843 3131 Ita·

801 3156 1008 3228 Scylax,
1037 3174 1154 3228 pag.
1185 3160 1256 3209 26
1273 3194 1288 3220 ,
1313 3167 1364 3209 et
1383 3155 1706 3223 Martianus,
1727 3158 1823 3211 lib.

803 3238 884 3289 vl
905 3271 923 3299 ‚
955 3256 1070 3307 cap.
1096 3233 1165 3290 de
1194 3233 1529 3297 Macedonia,
1548 3254 1670 3308 pag.
1692 3255 1719 3289 2
1736 3256 1759 3291 1
1775 3254 1826 3291 1.

802 3318 1032 3389 Στρυμὼν
1055 3354 1070 3380 ,
1105 3316 1376 3385 Στρυμόνος
1421 3332 1604 3385 grace.
1651 3315 1828 3369 Hodie

803 3394 1168 3460 Strouma,⁸ive
1186 3394 1450 3447 Isara-sou.
1479 3390 1545 3443 H·
1570 3405 1626 3446 et
1658 3392 1765 3446 En.

712 3535 728 3553 o
888 3481 980 3539 41.
1024 3473 1224 3527 Paulus.
1255 3473 1475 3527 Devicto
1500 3473 1695 3527 Perseo
1713 3474 1827 3528 Ma-

805 3552 1041 3609 cedoniae
1081 3571 1223 3624 rege.
1262 3552 1402 3607 Vide
1441 3553 1685 3621 Livium,
1727 3553 1823 3607 lib.

805 3632 986 3687 XLIV
1027 3632 1125 3685 sub
1165 3630 1356 3698 finem,
1403 3644 1456 3687 et
1495 3633 1648 3686 initio
1700 3633 1825 3686 libri

805 3712 974 3766 XLV.
1002 3715 1049 3766 A
1077 3712 1240 3765 Paulo
1281 3711 1501 3764 AEmilio
1537 3712 1634 3765 has
1668 3712 1827 3765 urbes

804 3810 912 3845 uua
954 3792 1086 3847 hora
1128 3789 1362 3863 direptas
1391 3791 1466 3845 ait
1514 3791 1829 3845 Plutarchus

805 3872 862 3924 in
889 3872 1002 3942 ejus
1020 3872 1150 3932 vita,
1176 3889 1298 3943 pag.
1319 3890 1427 3941 ²7²
1447 3909 1462 3935 ,
1483 3873 1528 3924 ἐν
1555 3871 1658 3940 ὥρᾳ
1673 3870 1825 3943 μιᾷ.

806 3948 1152 4023 {edeta-timna
1178 3952 1340 4011 πόλεις
1371 3955 1681 4021 πορθηθῆναι.
1716 3948 1780 4001 Η.

889 4038 982 4098 42.
1009 4033 1126 4083 Duo
1165 4032 1387 4083 homines.
1431 4029 1730 4085 Alexander
1746 4031 1823 4085 M.

804 4124 856 4163 et
884 4111 1076 4165 Paulus
1098 4108 1358 4165 AEmiliua.
1385 4106 1565 4160 Ham).

1988 2602 2196 2655 xvm.
2230 2619 2275 2654 1.
2305 2604 2367 2655 In
2398 2608 2673 2676 strategias.
2712 2612 2931 2678 Στρατη-

1909 2681 2047 2751 γίας,
2074 2680 2428 2751 praefecturas.
2459 2683 2640 2737 Han».

1995 2778 2046 2813 2.
2070 2762 2261 2813 Dextro
2288 2762 2453 2816 latere.
2478 2763 2834 2820 Meridionali.
2856 2766 2928 2821 Η.

1909 2871 1992 2884 —-
2010 2838 2133 2892 Sive
2154 2840 2331 2911 potius
2346 2842 2679 2898 occidentali.
2704 2846 2812 2899 En.

1993 2919 2047 2971 3.
2064 2919 2363 3051 Densexletoe,
2376 2935 2427 2973 et
2446 2924 2600 2979 Medi.
2624 2927 2705 2977 De
2726 2926 2809 2979 his
2824 2928 2933 2999 egi·

1911 3016 2029 3051 mua
2050 3017 2164 3069 cap.
2244 2960 2533 3055 ‚Plinium
2564 3004 2655 3058 hic
2690 3003 2757 3059 de
2786 3026 2936 3061 more

1912 3078 2272 3131 transcribunt
2298 3080 2540 3145 Solinus,
2572 3102 2689 3155 cap.
2722 3105 2785 3149 x,
2809 3104 2932 3159 pag.

1916 3176 2007 3227 27,
2029 3169 2083 3210 et
2108 3157 2429 3226 Martianus,
2454 3160 2549 3215 lib.
2585 3164 2697 3230 VI,
2728 3183 2845 3237 cap.
2866 3166 2936 3221 de

1913 3236 2168 3301 Thracia,
2192 3256 2315 3309 pag.
2340 3258 2406 3293 2ι
2423 3260 2472 3294 ι.
2497 3238 2677 3293 Hum-

1956 3323 2051 3380 4.
2080 3316 2174 3370 Ad
2196 3318 2431 3373 Bisaltas.
2460 3320 2549 3374 sic
2583 3322 2729 3394 apud
2754 3324 2937 3379 chiffl.

1914 3397 2074 3449 Deest
2092 3395 2236 3466 apud
2262 3399 2439 3454 Dalec.
2470 3418 2575 3454 vox
2601 3403 2685 3457 ad.
2713 3406 2816 3458 En.

1998 3474 2051 3527 5.
2070 3476 2261 3545 Digni.
2282 3476 2569 3550 Stephane,
2588 3484 2798 3554 Δίγ-ηροι,
2812 3486 2937 3545 {evag

1914 3554 2150 3627 Θρᾴκιον,
2177 3573 2240 3609 ex
2262 3558 2507 3629 Polyhii,
2533 3560 2629 3615 lib.
2652 3564 2807 3617 xm.
2836 3561 2901 3615 H.

2000 3638 2051 3687 6.
2068 3636 2425 3710 Bessommque.
2440 3643 2651 3699 Βεσσικὴ
2666 3644 2905 3714 στρατηγί
2888 3662 2943 3695 ια

1914 3714 2119 3767 Bessica
2146 3715 2386 3771 Thracia
2408 3720 2753 3790 praefectura,
2782 3742 2943 3793 supra

1916 3792 2227 3854 Maedicam,
2256 3796 2400 3869 apud
2428 3800 2813 3863 Ptolemaeum,
2844 3802 2941 3857 lib.

1915 3874 2029 3937 111,
2052 3893 2167 3945 cap.
2200 3894 2223 3927 1
2241 3894 2289 3930 1.
2320 3877 2527 3931 Horum
2551 3882 2678 3935 urbs
2692 3883 2945 3953 primaria

1914 3952 2358 4027 Philippopolis:
2391 3957 2519 4011 alias
2550 3961 2793 4027 Coeletia,
2824 3980 2947 4033 qum

1914 4051 2040 4104 gena
2082 4035 2359 4091 Bessorum
2389 4038 2515 4102 fuit,
2547 4040 2810 4095 attributa.
2840 4042 2948 4095 Ea·

1914 4110 2038 4166 dem
2066 4114 2221 4169 Bessa
2246 4116 2475 4170 fortassis
2492 4132 2695 4174 vetusta
2715 4139 2951 4175 nomen-
