3300 5175
766 507 937 578 182
1312 505 1788 574 c.P1.1N11
1841 503 2064 572 NAT.
2119 505 2369 572 HIST.

788 637 1044 707 bus.1n
1080 636 1213 705 hoe
1242 636 1371 704 sim
1402 637 1652 704 interiit
1683 635 2002 730 oppidum
2021 635 2424 704 Orobiorum
2449 635 2688 715 Bau-ra,
2723 633 2911 700 unde

786 745 1211 837 Bergomates
1238 743 1409 811 Cato
1430 741 1593 810 dixit
1602 755 1814 822 ortos,
1833 744 2190 809 etiamnum
2213 739 2532 833 prodente
2553 763 2624 806 se
2647 724 2907 806 altius*

786 873 1027 942 quam
1022 848 1440 917 fortunatius
1488 849 1685 916 situm
1693 846 1769 914 ’.7
1804 849 2224 915 Interiereet
2257 841 2648 937 Caturiges²
2653 829 2908 911 ⁸-Insu

788 953 983 1022 hrum
1016 953 1306 1040 exsules,
1346 967 1415 1023 et.
1432 956 1637 1046 Spina
1673 977 1868 1046 supra
1891 949 1942 990 '⁹
1975 953 2186 1020 dieta.
2205 955 2374 1020 Item
2409 948 2709 1043 Melpum
2743 974 2908 1042 opu-

790 1057 991 1128 lentia
1034 1061 1478 1153 praecipuum,
1514 1059 1694 1152 quod
1731 1059 1818 1127 ab
1865 1058 2291 1143 Insubribus,
2341 1071 2408 1124 et
2445 1057 2654 1140 Boiis,
2687 1069 2754 1123 et
2793 1057 2906 1122 Se-

790 1165 1073 1233 nonibus
1108 1163 1395 1232 deletum
1413 1189 1645 1233 esseeo
1669 1163 1808 1250 die,
1841 1189 1976 1258 quo
2006 1148 2384 1256 Camillus³⁰
2401 1163 2604 1231 Veios
2617 1161 2905 1255 ceperit,

792 1269 1018 1364 Nepos
1058 1269 1407 1339 Cornelius
1444 1269 1734 1338 tradidit.

900 1378 1121 1444 XXII.
1162 1376 1394 1464 (xvm.
1399 1367 1427 1462 )
1450 1377 1758 1468 Sequitur
1787 1372 2040 1440 decima
2063 1375 2244 1466 regio
2273 1371 2512 1456 ltaliae,
2531 1369 2898 1440 Adriatico'

792 1485 958 1552 mari
984 1482 1334 1612 apposita:
1372 1481 1559 1574 cujus
1600 1481 1933 1550 Venetia:
1973 1479 2212 1546 fluvius
2239 1476 2423 1546 Silis²
2461 1502 2544 1545 ex
2569 1476 2906 1544 montibus

790 1572 1223 1658 Tan-visanis&
1258 1586 1599 1680 Oppidum
1659 1571 2041 1662 Altinum⁴‚

879 1734 971 1785 26.
1016 1732 1183 1784 Altius
1234 1749 1394 1802 quam.
1436 1729 1707 1794 Quoniam
1751 1726 1808 1780 id

798 1810 1055 1883 oppidum
1074 1811 1234 1862 Barra
1253 1809 1595 1880 appellatum,
1612 1807 1810 1860 inediti

798 1891 995 1944 montis
1012 1889 1210 1940 vertice
1230 1887 1360 1940 olim
1384 1886 1690 1948 eonditum,
1713 1887 1814 1938 Ca-

800 1969 941 2023 tonis
957 1980 1133 2020 antem
1160 1979 1309 2019 atate
1324 1969 1430 2035 jam
1454 1964 1705 2040 deficiens
1729 1978 1812 2018 at-

802 2067 911 2120 que
942 2045 1197 2099 caducum
1217 2085 1233 2110 ‚
1262 2055 1315 2096 et
1340 2046 1503 2115 paulo
1536 2057 1657 2115 post
1689 2046 1812 2096 fun-

802 2127 943 2182 ditus
980 2124 1317 2176 interiturum
1352 2123 1455 2177 fuit
1483 2143 1496 2177 :
1528 2141 1652 2176 vere
1683 2124 1727 2175 is
1755 2123 1812 2176 in

805 2205 1041 2260 historiis
1072 2204 1181 2257 suis
1200 2238 1216 2265 ,
1254 2203 1409 2256 altius
1440 2221 1598 2274 quam
1636 2203 1813 2256 fortu-

802 2287 981 2344 natius
1004 2284 1163 2336 situm
1183 2279 1444 2354 prodidit.
1472 2283 1652 2335 nnn.

887 2382 980 2434 ²7·
1013 2361 1185 2414 Situm.
1225 2362 1401 2414 Dalec.
1438 2373 1490 2414 et
1516 2361 1629 2413 Elz.
1677 2363 1812 2412 sitos.

804 2441 909 2494 En.
944 2471 1025 2482 —-
1062 2442 1121 2492 in
1164 2439 1348 2494 chiffl.
1384 2452 1437 2492 et
1469 2441 1688 2492 vetustis
1723 2458 1814 2492 co-

804 2519 1014 2573 dicibus
1039 2525 1178 2570 situm
1193 2556 1209 2583 ,
1242 2537 1353 2571 non
1375 2523 1491 2570 sitos
1517 2537 1537 2570 .·
1570 2533 1631 2572 ut
1657 2519 1816 2591 oppi-

806 2598 935 2653 dum
968 2598 1291 2652 Orobiornm
1328 2598 1571 2670 respiciat
1603 2599 1782 2670 potius
1797 2638 1814 2665 ,

807 2698 966 2751 quam
981 2680 1333 2747 Bergomates.
1362 2680 1561 2729 Date.

893 2760 982 2811 38.
1026 2757 1296 2825 Caturiges.
1340 2756 1461 2809 Vet.
1504 2774 1591 2827 ap.
1634 2756 1813 2810 Dalec.

810 2836 1037 2905 Ceturgi.
1076 2834 1187 2887 Hos
1225 2836 1515 2888 n’uwtun
1554 2854 1581 2889 a
1626 2834 1814 2889 Gallim

808 2916 1147 2987 Canu-igibus
1170 2926 1317 2967 ortos
1334 2927 1517 2985 putat,
1548 2915 1645 2986 qni
1675 2914 1815 2968 inter

803 2994 1176 3057 Ebrodunnm,
1192 2994 1425 3059 Erebe-un,
1442 2994 1814 3065 etVapincnm,

810 3074 948 3143 Gap.
982 3075 1039 3126 in
1078 3093 1135 3127 ea
1165 3074 1350 3126 Gonia
1381 3073 1660 3145 provincia
1694 3092 1812 3144 quas

804 3154 962 3206 nobis
975 3151 1173 3207 dieitur
1188 3153 1507 3223 departement
1514 3154 1596 3205 des
1608 3152 1816 3205 Hautes-

806 3232 985 3302 Alpes,
1028 3234 1146 3285 loco
1188 3231 1351 3285 hodie
1387 3232 1531 3286 dicto
1569 3233 1814 3303 Cleon-ges,

804 3310 1196 3375 habitaverunt,
1208 3325 1262 3365 et
1280 3306 1498 3366 fortasse
1510 3330 1631 3366 eum
1644 3313 1817 3365 Bello-

804 3406 930 3441 veso
968 3390 1024 3441 in
1057 3390 1276 3443 Italiam·
1308 3393 1645 3445 transierunt.
1683 3388 1812 3444 vid.

804 3468 903 3521 inf.
928 3486 1041 3538 cap.
1072 3468 1162 3521 33.
1189 3480 1301 3521 not.
1338 3477 1425 3522 33.
1458 3472 1561 3523 En.

762 3601 769 3606 ,
890 3546 1154 3617 29.Supra
1174 3547 1322 3599 dieta.
1338 3547 1467 3617 Sup.
1488 3566 1605 3619 cap.
1626 3550 1813 3601 Hum.

884 3624 970 3678 3ο.
998 3624 1246 3678 Camillus.
1271 3626 1351 3677 De
1370 3627 1519 3679 Veiis
1534 3645 1565 3679 a
1586 3627 1814 3679 Camillo

802 3704 1062 3759 dictatore
1080 3704 1416 3775 expugnatis,
1436 3704 1559 3757 vide
1577 3704 1693 3757 Liv.
1717 3704 1814 3757 lib.

801 3784 885 3849 V,
919 3802 1035 3854 cap.
1070 3802 1159 3837 21.
1186 3783 1291 3835 En.

869 3822 1057 3918 XXII.
1084 3880 1136 3916 1.
1149 3862 1407 3916 Adriatico
1418 3865 1543 3913 mari
1558 3865 1806 3932 apposita:

682 3998 688 4012 Ι
796 3946 931 4013 eujus
957 3944 1162 3995 Venetia
1178 3944 1385 4014 ‚fluvius
1412 3940 1559 4003 Silis,
1588 3952 1692 3994 etc.
1717 3941 1804 3995 Sic

793 4021 923 4075 libri
967 4040 1152 4076 omnes
1190 4020 1343 4075 MSS·
1398 4020 1633 4092 editique
1685 4034 1806 4074 ante

792 4097 1138 4156 Hermolaum
1151 4142 1169 4165 ,
1188 4101 1282 4173 qui
1297 4100 1539 4154 omnium
1556 4098 1806 4154 codicum

2091 1583 2340 1650 flumen
2388 1567 2774 1676 Liquentia⁵
2823 1608 2908 1650 ex

1895 1725 2005 1779 fide
2022 1737 2197 1796 spreta
2216 1725 2369 1796 legit,
2393 1729 2520 1776 mari
2534 1729 2781 1795 apposita:
2811 1725 2862 1774 V
2860 1746 2907 1776 e-

1895 1810 2057 1870 nen’05
2084 1808 2216 1874 cujus
2227 1807 2414 1874 fluvius
2428 1843 2444 1870 ,
2469 1817 2569 1858 etc.
2589 1817 2908 1874 praepostere

1895 1885 2098 1938 seilicet
2151 1885 2397 1936 transl-m
2451 1883 2695 1936 Venetia.
2747 1883 2908 1936 Seens

1896 1964 2042 2016 enim
2082 1963 2304 2016 Venetia
2335 1975 2540 2015 tantum
2568 1963 2669 2014 hae
2701 1961 2906 2014 decima

1896 2044 2116 2115 regione
2141 2043 2532 2096 continebitur:
2561 2040 2620 2094 id
2641 2039 2786 2112 quod
2810 2043 2908 2094 fnl-

1896 2141 2014 2176 sum
2046 2139 2158 2174 esse
2181 2133 2382 2174 constat
2399 2161 2414 2186 ,
2439 2140 2502 2173 ex
2529 2121 2828 2174 Carnorum
2856 2134 2910 2174 et

1895 2199 2159 2273 Iapydum
2188 2201 2525 2272 regionibus,
2562 2213 2708 2253 extra
2730 2201 2907 2252 Vene-

1897 2281 2028 2333 tiam
2075 2280 2291 2351 quidem
2341 2280 2455 2332 sitis
2478 2317 2494 2342 ‚
2546 2291 2908 2331 verumtamen

1896 2360 2026 2412 hnic
2046 2358 2265 2413 decimo
2284 2358 2490 2430 regioni
2511 2358 2677 2411 Italiae
2693 2376 2814 2409 mox
2835 2371 2911 2411 at·

1895 2438 2128 2492 tributis.
2148 2437 2370 2492 Venetia
2389 2451 2564 2490 autem
2583 2455 2693 2490 non
2709 2450 2790 2489 est
2805 2437 2909 2490 hoe

1897 2517 2016 2572 loco
2036 2536 2230 2571 nomen
2251 2518 2402 2570 urbis
2419 2517 2764 2570 venetiarum
2776 2556 2793 2583 ,
2813 2517 2908 2568 sed

1895 2598 2186 2669 provincia!
2211 2617 2406 2652 nomen
2429 2611 2506 2650 est
2521 2636 2538 2662 ,
2559 2616 2680 2669 quae
2697 2598 2826 2649 olim
2851 2598 2908 2649 in

1897 2678 2225 2749 superiorem
2269 2690 2322 2731 et
2359 2677 2664 2729 inferiorem
2697 2674 2908 2730 divide-

1897 2758 2052 2811 batur
2084 2776 2098 2811 :
2137 2776 2201 2811 ex
2249 2770 2474 2828 uti-aque
2507 2768 2684 2809 autem
2720 2768 2908 2828 postea

1899 2836 2223 2889 confluentes
2263 2836 2450 2907 populi
2471 2873 2488 2899 ‚
2531 2836 2804 2907 precipue
2843 2853 2910 2889 ex

1897 2915 2114 2969 Patavio
2133 2954 2148 2977 ‚
2179 2916 2420 2987 Aquileia
2434 2952 2450 2979 ,
2479 2915 2658 2967 Altino
2678 2953 2697 2979 ,
2719 2916 2908 2967 urbem

1897 2996 2265 3065 cognominem
2308 2992 2624 3056 condidere,
2675 2995 2906 3047 Venetia.

1895 3072 2062 3127 Gallis
2084 3075 2275 3127 Veni-se.
2303 3075 2484 3126 Hum.

1982 3174 2032 3207 3.
2067 3152 2202 3205 Silis.
2235 3152 2364 3217 Sile,
2390 3150 2690 3205 Tarvisium
2719 3150 2906 3215 alluit,

1905 3233 1956 3284 T
1951 3236 2128 3302 revigio
2142 3272 2157 3295 ,
2179 3232 2345 3285 Gallis
2371 3233 2579 3283 Trione.
2605 3230 2707 3285 En.

1981 3310 2032 3363 3.
2061 3313 2353 3363 Toni-sanis.
2375 3309 2463 3364 Sic
2479 3328 2568 3380 ap.
2593 3309 2777 3363 Chim.
2805 3311 2909 3363 Da-

1897 3390 2000 3444 lec.
2033 3402 2086 3442 et
2110 3390 2223 3443 Elz.
2258 3391 2561 3444 Taurisanis.
2587 3390 2688 3441 En-

1979 3476 2028 3531 4.
2051 3470 2288 3522 Altinum.
2314 3468 2518 3540 Oppidi
2543 3468 2712 3521 ruinas
2733 3467 2908 3520 Altino

1897 3559 2096 3600 vocata
2115 3588 2131 3611 ,
2173 3560 2388 3601 auctore
2439 3548 2774 3611 n’Aitvtnm,
2815 3564 2912 3598 ex-

1897 3639 2035 3679 stant
2052 3626 2194 3681 haud
2213 3628 2368 3698 longe
2384 3645 2413 3680 a
2437 3626 2558 3679 Silis
2581 3626 2734 3678 ostio.
2753 3626 2910 3677 Hunc

1895 3708 2008 3777 ejus
2033 3706 2188 3757 situm
2213 3704 2408 3759 docent
2429 3704 2674 3769 Tacitus,
2696 3704 2788 3757 lib.
2803 3705 2911 3769 111,

1897 3796 1952 3836 et
1983 3784 2272 3850 Martialis,
2309 3786 2404 3838 lib.
2437 3785 2551 3850 IV,
2582 3784 2766 3854 Epigr.
2804 3784 2907 3847 35,

1895 3866 2046 3935 eujus
2081 3864 2264 3917 titulus
2281 3902 2298 3926 ,
2331 3864 2413 3915 De
2446 3862 2685 3915 littoribus
2725 3863 2906 3915 Altini.

1893 3942 2076 3997 Han.
2103 3956 2156 3996 et
2181 3944 2283 3996 En.

1976 4022 2029 4076 5.
2048 4024 2320 4094 Liquentia.
2344 4020 2500 4074 Nune
2513 4022 2762 4084 -Lioenza,
2781 4040 2907 4073 eum

1893 4113 2051 4171 portu
2079 4102 2415 4172 cognomine.
2437 4100 2619 4155 than.
