3300 5175
1351 495 1430 561 C.
1484 493 1819 561 PLINII
1866 493 2080 562 NAT.
2134 483 2401 561 HIST.'

734 673 762 704 2
799 636 1165 706 Fertinates
1187 615 1234 660 ¹⁴
1259 681 1279 715 ,
1317 627 1626 697 Curictae.
1675 628 2005 696 Caeterum
2051 651 2173 721 per
2204 651 2392 694 oram
2420 624 2665 720 oppida
2704 651 2745 696 a
2788 629 2943 698 Ne-

795 723 1064 812 sactio¹⁵
1089 791 1107 822 ‚
1143 734 1436 820 Alvona‚
1469 731 1767 802 Flanona
1789 717 1839 755 ¹⁶
1866 784 1885 817 ‚
1933 733 2302 814 Tarsatica,
2324 733 2535 802 Senia
2555 785 2577 820 ,
2611 735 2943 829 Lopsica,

794 843 1124 940 Ortopula
1150 894 1168 928 ,
1226 842 1512 935 Vegium
1534 892 1554 922 ‚
1629 841 2085 933 Argyruntum
2108 892 2127 924 ,
2192 839 2576 926 Corinium,
2620 839 2885 910 AEnona
2912 893 2935 924 ‚

793 955 1027 1023 civitas
1064 948 1283 1018 Pasini
1305 945 1396 1010 ¹⁷:
1433 929 2153 1033 flumenTedanium¹⁸,
2187 969 2321 1038 quo
2356 944 2587 1013 finitur
2625 945 2933 1041 Iapydia.

790 1057 1036 1130 Insulae
1071 1057 1212 1150 ejus
1257 1055 1438 1121 sinus
1459 1049 1507 1089 ¹⁹
1545 1075 1699 1120 cum
1744 1051 2041 1146 oppidis,
2078 1064 2321 1145 praeter
2360 1075 2559 1145 supra
2599 1052 2937 1146 significa-

792 1181 893 1236 tas
912 1164 992 1253 ²⁰,
1037 1155 1528 1255 Absyrtium²¹‚
1570 1156 1849 1243 Arba²²‚
1895 1159 2111 1227 Crexa
2146 1210 2167 1244 ‚
2237 1157 2431 1226 Gissa
2463 1210 2483 1245 ,
2541 1159 2931 1230 Portunata.

809 499 949 598 196

878 1337 969 1394 14.
1011 1329 1099 1381 Ea:
1137 1324 1305 1378 insulis
1355 1323 1628 1375 Fertinates
1647 1361 1665 1386 ,
1713 1321 1815 1375 Cu.

793 1415 947 1463 rictoe.
977 1407 1238 1461 Constans
1265 1404 1379 1456 haec
1401 1402 1664 1455 librorum
1696 1419 1815 1454 om-

1994 1340 2018 1375 1
2030 1341 2084 1392 7.
2112 1321 2298 1375 Civitas
2318 1323 2510 1376 Pasini.
2533 1323 2618 1376 Sic
2638 1323 2790 1377 MSS.
2811 1343 2935 1378 om·

1906 1419 2001 1454 nes
2014 1441 2030 1467 ‚
2054 1401 2295 1473 quamvis
2316 1403 2455 1472 legat
2470 1403 2644 1456 Dalec.
2678 1429 2701 1452 ι
2717 1406 2937 1458 AEnona

791 1491 946 1545 nium
984 1488 1141 1540 lectio
1177 1495 1289 1549 est,
1327 1495 1448 1536 tum
1493 1495 1632 1534 vero
1654 1483 1819 1535 etiam

792 1572 971 1624 Parin.
1001 1566 1130 1620 edit.
1163 1564 1493 1632 aliarumque
1519 1573 1643 1614 ante
1680 1561 1821 1613 Her·

793 1649 1030 1703 molaum
1049 1683 1064 1704 ,
1107 1644 1200 1716 qui
1236 1639 1506 1711 Fufirqates
1546 1640 1821 1710 reposuit,

795 1727 1048 1800 quoniam
1072 1724 1232 1777 unius
1261 1720 1447 1774 insulae
1474 1720 1700 1774 Curicta
1726 1736 1821 1792 op·

795 1807 926 1879 pida
948 1805 1060 1859 duo
1086 1802 1319 1875 appellat
1345 1800 1695 1876 Ptolemjaeuffi
1722 1800 1817 1853 lib.

793 1889 882 1954 11,
923 1905 1041 1957 cap.
1073 1902 1163 1954 17,
1189 1882 1460 1951 Φουλφξνιον
1491 1892 1546 1932 et
1566 1880 1818 1948 Κούραον.

793 1969 865 2020 At
883 1985 992 2018 non
1012 1981 1172 2018 unam
1195 1959 1357 2013 modo
1373 1959 1572 2030 signari
1591 1977 1622 2010 a
1643 1959 1819 2012 Plinio

795 2046 1023 2099 insulam
1039 2081 1057 2109 ‚
1081 2041 1172 2100 sed
1203 2040 1412 2112 plures,
1440 2052 1556 2092 tum
1579 2039 1693 2109 ipse
1714 2038 1820 2092 hoc

796 2126 918 2178 loco
935 2120 1139 2195 prodit,
1153 2139 1320 2192 quum
1335 2119 1407 2171 ait
1425 2139 1485 2171 ex
1503 2118 1686 2180 insulis,
1704 2130 1820 2171 tum

797 2205 962 2276 paulo
985 2215 1133 2274 post,
1162 2201 1357 2252 iterum
1377 2210 1657 2270 repetens:
1696 2223 1719 2246 ι
1738 2197 1819 2250 in-

802 2285 928 2336 sula
969 2285 1083 2352 ejus
1121 2281 1298 2343 sinus,
1335 2293 1524 2350 praeter
1561 2295 1723 2348 supra
1752 2277 1821 2329 si-

802 2362 1092 2436 gnificatas.
1115 2383 1140 2408 ι
1183 2359 1363 2415 Eum.
1393 2387 1476 2400 --
1506 2357 1648 2408 Male
1683 2375 1822 2429 quo-

759 2465 768 2474 ·
805 2460 914 2514 que
945 2441 1123 2493 Dalec.
1159 2438 1449 2491 Fulse‘nates.
1478 2436 1693 2490 Femina
1724 2455 1821 2488 au-

802 2535 910 2574 tem
935 2560 951 2587 ‚
1007 2530 1222 2572 auctore
1286 2517 1566 2569 Mannerto
1588 2556 1603 2577 ,
1660 2513 1822 2568 hodie

802 2600 1064 2665 Bet-witelo,
1085 2600 1215 2661 sive,
1239 2609 1298 2649 ut
1315 2596 1556 2649 scribunt
1571 2595 1679 2659 alii,
1696 2595 1823 2647 Pub·-

805 2682 906 2733 oiclae
937 2690 1044 2733 est:
1075 2676 1320 2741 Curicta,
1349 2690 1468 2747 quae
1498 2674 1818 2738 Ptolemoeo‚

799 2761 898 2814 lib.
919 2760 996 2823 II,
1017 2776 1136 2828 cap.
1165 2776 1186 2809 1
1201 2774 1256 2825 7,
1278 2754 1524 2825 Κουρικτὰ
1546 2765 1650 2819 est;
1675 2754 1820 2807 Stra-

803 2839 978 2902 boni·‚·
997 2838 1094 2890 lib.
1121 2836 1260 2898 VII,
1302 2853 1424 2906 pag.
1465 2832 1574 2887 315
1595 2872 1611 2900 ‚
1648 2834 1823 2905 Κυρα-

791 2920 980 2985 ,κτικὴς
1005 2915 1168 2969 hodie
1190 2915 1247 2965 V
1239 2912 1368 2983 eglia
1390 2912 1608 2967 dicitur.
1625 2914 1730 2966 En.

892 3005 978 3052 15.
1015 2997 1070 3050 A
1099 2996 1346 3049 Nesactio.
1382 2996 1463 3047 De
1504 3011 1612 3064 quo
1639 3012 1686 3047 c.
1720 2993 1823 3059 23,

802 3078 861 3131 in
889 3077 1028 3131 ostio
1063 3074 1298 3128 fluminis
1330 3074 1523 3139 Arsia,
1550 3071 1696 3125 unde
1731 3072 1822 3125 Li-

803 3158 998 3211 burnia
1017 3154 1226 3225 incipit.
1247 3144 1479 3206 Ᾰλοὺωνα.
1495 3164 1547 3205 et
1563 3152 1819 3208 Φλανῶνα,

807 3235 956 3306 apud
977 3234 1216 3313 Ptolemv
1231 3231 1326 3284 lib.
1355 3233 1437 3297 11,
1465 3251 1512 3284 c.
1553 3250 1636 3302 17,
1661 3230 1822 3284 hodie

804 3316 1033 3369 retinent
1049 3330 1246 3365 nomen
1263 3349 1277 3372 ‚
1297 3312 1492 3365 Albona
1511 3321 1564 3364 et
1579 3312 1821 3363 Fianona.

806 3393 970 3465 Apud
987 3394 1202 3446 Gruter.
1223 3408 1345 3462 pag.
1377 3392 1508 3455 108,
1536 3391 1577 3442 F
1579 3408 1819 3443 numu.

807 3477 1114 3545 Sequuntur
1125 3469 1268 3541 apud
1275 3470 1481 3522 Ptolem
1489 3510 1502 3522 .
1510 3470 1823 3534 Ταρσατίκα,

805 3555 954 3608 zena
971 3589 986 3610 ,
1032 3552 1225 3619 Δοψίκα
1247 3586 1264 3613 ,
1289 3538 1524 3618 ὀρτοπλα
1549 3586 1564 3613 ,
1602 3550 1822 3618 Οὐεγία,

805 3626 1102 3703 Ᾰργυροῦτον
1121 3668 1137 3695 ,
1171 3628 1384 3698 Κυρίνιον
1401 3666 1417 3691 ,
1446 3629 1659 3681 Αἶνῶνα.
1690 3628 1823 3679 Ter·

803 3712 963 3767 natica
976 3728 1121 3763 nunc
1139 3709 1354 3771 Ter-sant,
1371 3707 1478 3759 sive
1495 3708 1685 3769 Ter-sae,
1700 3725 1823 3777 pro-

799 3811 872 3867 pe
909 3792 1097 3843 urbem
1137 3788 1309 3839 Fiume
1337 3804 1356 3837 .·
1392 3785 1579 3851 Senia‚
1621 3784 1817 3853 Segna,

799 3875 1006 3941 [aps-im
1018 3870 1034 3931 ,'
1067 3868 1275 3938 Ortopia
1291 3904 1306 3930 ,
1328 3866 1384 3916 V
1377 3884 1466 3917 αα
1480 3905 1496 3927 ,
1525 3863 1695 3923 Cat-in,
1716 3875 1816 3917 etc.

798 3952 980 4005 lium.
1004 3962 1058 4003 et
1079 3949 1184 4001 En.
1628 3943 1637 3950 ’

885 4033 974 4084 16.
1023 4028 1268 4080 Flanona.
1317 4017 1504 4076 Chiffl.
1556 4022 1813 4075 Flamona.

796 4110 980 4166 Dalec.
1007 4107 1246 4162 Flac-ona.
1270 4104 1374 4159 En.

1908 1480 2096 1534 civitas
2116 1518 2133 1546 ,
2177 1480 2437 1534 pauninus
2478 1480 2679 1534 flumen
2699 1521 2716 1548 ,
2754 1482 2935 1537 Teda-

1908 1560 2061 1613 nium
2077 1600 2093 1627 ‚
2121 1572 2223 1614 etc.
2244 1587 2267 1608 ι
2302 1559 2416 1613 Cur
2442 1579 2605 1632 porro
2632 1561 2705 1614 ita
2730 1581 2936 1634 cogno-

1909 1639 2143 1693 minetur
2212 1643 2421 1692 AEnona
2440 1677 2459 1702 ,
2516 1640 2933 1713 incompertum.

1909 1716 2083 1772 Hodie
2106 1719 2255 1772 Nona
2274 1731 2514 1772 vocatur.
2538 1719 2721 1774 Halm.
2750 1733 2801 1774 et
2822 1723 2931 1774 Eu.

1997 1801 2085 1852 18.
2135 1800 2419 1852 Tedanium.
2466 1799 2595 1854 Vct.
2625 1819 2709 1872 ap.
2751 1801 2932 1856 Dalec.

1916 1879 2185 1932 Telanium.
2210 1879 2499 1932 Ptolemaeo
2521 1879 2623 1934 loc.
2648 1881 2739 1934 cit.
2758 1876 2934 1937 neri-

1909 1978 2025 2020 νιος.
2063 1957 2237 2010 Hodie
2263 1959 2573 2029 Zermagna,
2608 1972 2669 2013 ut
2698 1962 2805 2030 jam
2837 1979 2933 2014 su·

1910 2037 2091 2108 petius
2112 2037 2364 2093 diximum
2390 2040 2497 2092 En.

1998 2137 2083 2186 19.
2116 2119 2245 2188 Ejus
2266 2121 2413 2172 sinus.
2442 2119 2486 2170 F
2490 2117 2720 2172 lunatici.
2747 2118 2931 2173 Han.

1996 2217 2087 2253 ιο.
2114 2195 2446 2267 Significatum
2472 2197 2742 2252 Fortinum
2760 2211 2815 2252 et
2828 2199 2939 2253 Cu-

1910 2275 2116 2329 rictam.
2150 2277 2334 2330 Ilum.

1998 2375 2025 2408 2
2040 2373 2090 2410 ι.
2119 2355 2420 2426 Absyrte'um.
2454 2355 2680 2409 Plurimi
2707 2357 2932 2428 scripto·

1912 2453 1995 2486 res
2032 2447 2215 2487 omnes
2254 2436 2449 2489 insulas
2497 2437 2622 2489 istas
2660 2439 2934 2490 communi

1913 2515 2171 2567 vocabulo
2204 2513 2517 2587 Absyrtidas
2548 2530 2741 2570 vocant
2762 2534 2792 2568 a
2820 2515 2934 2570 dis·

1913 2608 2099 2665 cen-pto
2147 2596 2378 2666 Absyrto
2420 2594 2625 2650 Medea
2666 2597 2863 2663 fratre,
2888 2597 2933 2651 si

1912 2674 2103 2727 fabula
2156 2673 2439 2729 audiantur
2462 2698 2477 2739 ς
2527 2676 2697 2731 insula
2756 2690 2933 2730 autem

1912 2753 2152 2824 Apsyrtis
2172 2754 2315 2825 apud
2336 2754 2531 2807 Melam
2548 2794 2565 2821 ,
2587 2756 2681 2809 lib.
2708 2758 2785 2823 11,
2806 2776 2853 2809 c.
2878 2776 2935 2827 7,

1912 2834 2177 2903 reperitur
2198 2851 2210 2885 :
2241 2833 2389 2905 quod
2413 2846 2587 2887 autem
2618 2854 2764 2889 nunc
2786 2837 2855 2889 sit
2882 2837 2934 2890 ei

1912 2930 2111 2965 nomen
2132 2930 2247 2965 non
2276 2913 2397 2967 satis
2424 2926 2643 2967 constat.
2666 2914 2768 2968 En.

1997 3010 2026 3043 a
2040 3012 2089 3045 τι.
2108 2990 2284 3055 Arba,
2318 2992 2479 3047 Crexa
2495 3029 2513 3057 ‚
2542 3006 2645 3047 etc.
2672 2993 2760 3049 Sic
2778 2994 2933 3049 MSS.

1913 3088 2098 3123 omnes
2129 3083 2183 3124 et
2212 3071 2343 3125 editi
2372 3073 2499 3125 libri
2526 3092 2711 3127 omnes
2738 3086 2935 3146 preter

1914 3150 2091 3203 Dalec.
2138 3150 2283 3221 apud
2327 3170 2485 3224 quem
2530 3152 2727 3222 legitur
2755 3154 2930 3215 Arba,

1922 3231 2215 3299 Tragurium
2240 3270 2257 3295 ,
2308 3233 2415 3283 Issa
2438 3268 2454 3290 ,
2501 3232 2693 3285 Pharos
2713 3272 2729 3298 ‚
2770 3232 2934 3286 Parus

1913 3321 2027 3365 ante
2043 3347 2058 3371 ,
2108 3310 2268 3363 Crexa
2285 3348 2301 3376 ,
2330 3324 2433 3364 etc.
2470 3312 2614 3365 Arba
2642 3324 2819 3366 autem
2846 3312 2934 3365 in·

1914 3388 2027 3440 sula
2045 3425 2062 3452 ,
2113 3406 2231 3460 quae
2280 3408 2405 3443 cum
2443 3380 2588 3460 1962
2623 3390 2827 3463 oppido
2874 3392 2933 3445 in

1910 3467 2083 3521 insula
2128 3466 2396 3521 Scardona
2436 3482 2621 3523 contra
2660 3471 2937 3525 Liburnos

1912 3544 2054 3617 apud
2073 3546 2413 3601 Ptolemaeum
2435 3549 2807 3604 confundenda
2822 3570 2935 3605 non

1910 3624 2157 3694 videtur,
2182 3627 2370 3685 hodie.
2412 3639 2473 3681 ut
2506 3629 2579 3683 nit
2600 3631 2936 3696 n’Anvxnnx,

1910 3705 2048 3759 Arba
2086 3717 2203 3759 est:
2241 3708 2411 3763 Crexa
2434 3746 2450 3773 ‚
2497 3709 2672 3779 Κρέψα
2718 3708 2891 3763 eidem
2913 3748 2933 3771 ‚

1909 3783 2075 3837 hodie
2115 3798 2194 3839 est
2239 3787 2438 3839 Cher-so.
2488 3788 2777 3843 Portunata
2820 3808 2935 3843 non

1905 3864 2122 3917 alterius
2142 3864 2325 3921 insulae
2344 3886 2542 3921 nomen
2567 3886 2679 3922 esse
2696 3868 2934 3933 videtur,

1904 3941 2001 3995 sed
2026 3944 2189 3998 Gissae
2212 3946 2515 4016 epitheton,
2536 3949 2639 4001 tuti
2667 3960 2935 4019 opportu-

1905 4023 2069 4094 nique
2100 4038 2288 4095 portus
2316 4026 2524 4079 ratione
2562 4027 2731 4098 magis
2766 4044 2931 4100 quam

1904 4120 1965 4154 re
1991 4102 2091 4158 alia
2122 4103 2371 4175 insignio,
2402 4123 2462 4158 nc
2486 4107 2747 4177 cognitae:
2777 4106 2935 4159 Gissa
