3300 5175
72 2391 109 2503 ΕΗ

1172 535 1494 602 LIBER
1548 535 1681 602 IV.

2330 535 2481 610 335

356 665 661 762 Hylaeum
686 689 907 751 mare,
964 687 1097 758 quo
1126 661 1413 752 alluitur,
1436 666 1978 796 cognominavit:
2007 658 2484 738 Enaecadloae‘⁴

354 788 683 843 vocantur
716 770 967 841 incolae.
1000 768 1193 838 Ultra
1230 757 1688 866 Panticapes²⁵
1725 773 1965 858 amniS‚
2007 775 2120 867 qui
2147 776 2484 846 Nomadas

356 895 425 950 et
462 883 765 974 Georgos
806 877 1272 948 disterminat.
1312 903 1469 950 mox
1510 863 1890 947 Acesinus&
1894 879 2230 968 .Quidam
2263 885 2480 951 Panti-

356 1012 571 1083 capen
599 985 935 1056 confluere
966 983 1135 1052 infra
1164 980 1492 1054 Olbiam²⁷
1532 1009 1686 1054 cum
1733 985 2159 1107 Borysthene
2175 988 2482 1058 uadunt

358 1093 804 1188 diligentiores
842 1091 1197 1186 Hypanin:
1238 1104 1425 1160 tanto
1472 1115 1698 1200 errore
1739 1115 2006 1177 eorum,
2049 1094 2163 1187 qui
2201 1093 2484 1164 illumin

358 1201 531 1269 Asiae
566 1214 753 1296 parte
792 1197 1165 1328 prodidere.

386 1399 394 1408 ⁸
469 1309 660 1376 Mare
708 1289 948 1376 subit²⁸
1000 1318 1189 1374 vasto
1245 1329 1548 1390 recessu,
1594 1303 1807 1373 donec
1859 1306 2152 1400 quinque
2209 1306 2482 1377 millium
2524 1323 2552 1378 4

360 1470 507 1510 matoe
530 1456 785 1529 reposuit.
809 1455 1079 1509 Sinceram
1097 1455 1377 1508 lectionem

358 1551 477 1590 tum
518 1555 589 1592 ex
638 1535 790 1590 codd.
836 1535 989 1589 MSS.
1036 1537 1169 1607 Reg.
1206 1555 1266 1601 1,
1312 1555 1339 1588 a
1362 1574 1378 1599 ,

361 1618 520 1671 Colb.
562 1634 585 1669 1
607 1655 625 1680 ‚
647 1637 675 1669 a
693 1656 709 1681 ‚
743 1616 907 1668 Paris.
926 1615 1101 1668 Tolet.
1134 1628 1233 1668 etc.
1262 1627 1379 1668 tum

360 1698 623 1753 Strabone
649 1695 1003 1758 restituimus,
1050 1695 1144 1765 qui
1174 1695 1269 1748 lib.
1292 1696 1376 1756 X,

358 1783 598 1848 pag-492
625 1816 640 1840 ‚
660 1787 715 1828 et
732 1775 859 1839 506,
882 1779 1095 1844 Σιρακῶν
1118 1775 1383 1840 meminit,

362 1875 533 1928 prope
552 1855 770 1908 Maeotin
792 1893 809 1918 ‚
826 1855 881 1906 in
900 1853 1019 1906 Asia
1034 1854 1275 1924 quidem,
1288 1853 1379 1907 sed

362 1953 469 1990 una
499 1948 673 1988 tamen
704 1953 829 1988 cum
854 1934 1037 1988 Aoi-sis
1058 1954 1215 2005 supra
1252 1953 1383 2006 quo·

362 2035 469 2086 que
508 2016 678 2069 citatis
718 2035 749 2068 a
798 2013 991 2068 Plinio,
1044 2013 1132 2066 Ad
1180 2015 1384 2067 Tauros

364 2096 585 2166 Scythas
614 2106 790 2164 autem
839 2091 983 2164 quod
1034 2093 1253 2158 attinet,
1290 2113 1381 2147 seu

360 2175 753 2246 Tauroscythas
777 2173 937 2226 unico
959 2173 1216 2225 vocabulo
1232 2173 1385 2225 malis

364 2255 658 2326 appellare,
698 2251 925 2307 Achillei
955 2253 1144 2304 Dromi
1186 2253 1383 2307 incolas

332 2397 341 2404 ἡ
366 2334 652 2406 Dionysius
682 2333 975 2404 Periegetes
998 2333 1073 2387 ait
1098 2333 1283 2394 fuisse,
1330 2345 1383 2384 et

366 2415 571 2467 Tauros
622 2426 811 2476 vocat,
855 2429 988 2462 vers.
1032 2413 1161 2475 301,
1204 2412 1384 2464 Alanis

364 2494 627 2565 Dacisque
648 2490 1004 2546 conterminos
1032 2509 1048 2542 t
1081 2491 1384 2544 Eustathins

366 2572 434 2628 ad
456 2594 579 2628 eum
607 2574 812 2637 locum,
840 2571 1059 2641 Scythas
1084 2590 1098 2623 ε
1128 2573 1305 2642 Ταῦροί
1339 2576 1383 2624 θ’

366 2656 407 2707 οἳ
428 2656 638 2708 ναίουσιν
660 2646 893 2719 Azan-7³02
906 2646 997 2721 ὃρό
999 2670 1087 2720 μον
1099 2652 1244 2703 αἰπύν
1254 2689 1269 2715 ,
1283 2663 1383 2705 etc.

365 2733 581 2786 Taurici
628 2732 819 2785 littoris
866 2729 1067 2783 incolas
1120 2732 1339 2801 Scythas
1369 2770 1385 2795 ‚

366 2813 554 2865 Festus
579 2812 811 2864 Avienus
830 2849 845 2877 ,
870 2828 1008 2862 vers·
1032 2816 1164 2873 444.
1182 2812 1385 2864 Tamen

365 2892 519 2945 MSS.
548 2889 765 2963 quidam
797 2892 917 2944 satis
946 2891 1180 2961 probatae
1219 2890 1347 2945 fidei
1369 2928 1383 2950 ‚

366 2991 468 3044 pro
517 2972 673 3024 Tam-i
691 3011 706 3035 ,
761 2969 915 3023 Sardi
962 2969 1050 3021 bic
1106 2970 1385 3035 exhibent,

368 3052 461 3123 qui
488 3051 613 3105 alibi
652 3068 909 3123 nusquam
944 3049 1159 3118 reperti.
1204 3050 1386 3103 Ham).

370 3164 450 3175 —
464 3133 642 3185 Dalec.
662 3132 840 3195 Tauri,
862 3129 1058 3199 Scythoe
1069 3141 1121 3181 et
1130 3129 1384 3183 Sarmatoe.

368 3212 495 3265 Vet.
546 3231 630 3283 ap.
676 3210 924 3263 eumdem
980 3208 1230 3270 Taurisci,
1286 3228 1387 3279 pm

378 3292 545 3344 Tauri.
582 3292 685 3343 En.
726 3324 804 3335 —
837 3291 995 3342 Tauri
1019 3287 1212 3361 Scytha,-
1228 3326 1244 3353 ‚
1286 3301 1386 3341 etc.

366 3372 528 3424 Nunc
548 3370 817 3424 Bessarabi
833 3409 848 3434 ,
871 3368 1139 3422 etTartari
1158 3369 1389 3421 minores

369 3464 643 3516 vocantur,
660 3450 895 3503 Podoliae
912 3462 965 3502 et
986 3448 1240 3501 Ukranioe
1260 3466 1386 3501 con-

354 3531 536 3595 ⁸fines,
562 3548 786 3601 quarum
817 3542 1024 3601 partem
1048 3528 1281 3599 aliquam
1312 3528 1388 3581 Si-

369 3611 482 3665 raci
509 3608 781 3681 quondam
800 3621 1036 3661 tenuere.
1060 3608 1243 3663 Bran.

454 3692 546 3743 23.
569 3688 688 3742 Inde
701 3688 941 3741 silvestris.
970 3688 1111 3741 Mela
1130 3727 1146 3753 ‚
1172 3689 1276 3741 loc.
1301 3687 1387 3740 cit.

380 3796 403 3817 ιι
432 3770 585 3823 Silvae
598 3766 791 3821 deinde
810 3778 961 3831 sunt,
988 3786 1115 3839 quas
1137 3767 1391 3821 maximas

370 3850 455 3903 hae
481 3863 631 3903 terrae
658 3848 865 3901 ferunt:
885 3859 938 3900 et
960 3847 1267 3919 Panticapes
1284 3848 1392 3901 No-

372 3929 549 3983 madas
570 3928 915 4001 Georgosque
941 3926 1331 3981 disterminans.
1360 3951 1381 3971 ι

374 4008 567 4079 nylaeae
618 4008 854 4081 regionis
893 4007 1135 4061 meminit
1188 4004 1387 4059 Herod.

376 4090 629 4160 Melpum.
672 4090 765 4143 lib.
792 4090 892 4153 IV,
916 4106 971 4159 p.
1006 4086 1109 4141 231
1134 4123 1150 4149 ‚
1188 4106 1243 4138 n.
1284 4088 1351 4139 18
1372 4124 1390 4151 ,

378 4180 431 4220 et
478 4182 659 4223 auctor
710 4169 905 4240 Peripli
954 4164 1110 4221 Ponti
1164 4165 1390 4229 Euxini,

1466 1475 1587 1526 pag.
1624 1477 1688 1519 a,
1717 1455 1854 1509 ultra
1876 1456 2277 1527 Borysthenen,
2309 1479 2490 1514 versus

1468 1494 1726 1588 orientem
1772 1555 1788 1591 ε
1829 1537 1954 1606 Πρὸς
2002 1537 2246 1601 ἀνατολὰς
2288 1539 2488 1593 exeam

1468 1618 1551 1669 τὸν
1574 1618 1884 1686 Βορυσθένην,
1907 1617 2028 1676 Τοὺς
2040 1621 2301 1688 λιγομένην
2310 1606 2486 1674 haia*

1466 1697 1715 1756 οἰκοῦντας
1743 1696 2147 1755 Σκύθας.ΗΑιω.

1555 1781 1643 1838 ²4·
1677 1775 2004 1827 Enoecadlooe.
2043 1775 2168 1831 Haec
2199 1797 2326 1831 vero
2359 1797 2487 1850 gens

1470 1867 1548 1908 est
1569 1854 1696 1907 alibi
1716 1869 1976 1928 nusquam
2008 1870 2237 1928 reperta.
2269 1857 2418 1922 Quid
2442 1859 2484 1912 si

1464 1935 1605 2006 legas
1631 1935 1752 1989 Inde
1781 1936 1954 2006 Hylan·
1969 1942 2000 1987 Ρ
2039 1955 2164 1990 nam
2187 1934 2257 1990 de
2285 1937 2486 2010 Hylaeis

1468 2033 1593 2067 mox
1624 2016 1830 2068 iterum.
1864 2015 2046 2068 Ham).

1553 2094 1643 2147 25.
1669 2094 1976 2164 Panticapes.
2008 2095 2336 2156 Παντικάπης
2379 2095 2486 2148 He-

1466 2171 1694 2238 rodoto,
1723 2173 1826 2226 loc.
1857 2174 1943 2226 cit.
1971 2192 2000 2226 a
2027 2191 2138 2246 quo
2175 2175 2286 2227 haec
2318 2176 2484 2238 Mela,

1470 2267 1522 2306 et
1564 2252 1780 2305 Plinius.
1829 2253 2038 2324 Scythae
2081 2253 2348 2307 Nomades
2395 2274 2488 2309 seu

1468 2332 1619 2404 vagi,
1651 2350 1680 2384 a
1709 2333 1959 2403 Georgis,
1995 2333 2099 2386 hoc
2132 2346 2238 2398 est,
2267 2335 2490 2387 aratori·

1468 2413 1568 2465 bus
1588 2431 1656 2466 eo
1679 2430 1833 2465 amne
1867 2411 2317 2466 disterminantur.
2346 2414 2492 2466 Utri—

1469 2511 1573 2564 que
1610 2496 1886 2546 communi
1916 2492 2186 2545 minorum
2233 2494 2489 2546 Tartaro-

1466 2590 1589 2625 rum
1612 2573 1968 2644 appellatione
1987 2585 2284 2627 censentur.
2321 2573 2390 2627 Η.
2413 2606 2492 2617 -

1470 2652 1779 2705 Moscovitis
1805 2671 1949 2706 nunc
1970 2666 2174 2723 parent.
2190 2655 2295 2706 En.

1554 2734 1648 2785 26.
1679 2732 1933 2784 Acesinus.
1966 2733 2212 2786 Valerius
2239 2733 2456 2787 Flaccus
2475 2774 2492 2796 ‚

1473 2812 1758 2865 Acesinum
1788 2830 2034 2883 quoque,
2065 2814 2260 2882 Argon.
2310 2814 2348 2866 1.
2379 2814 2490 2876 vt,

1471 2910 1608 2944 vers.
1643 2894 1753 2961 693
1785 2892 2085 2945 Priscianus
2113 2890 2170 2943 in
2200 2891 2460 2963 Periegesi
2478 2932 2493 2956 ,

1470 2991 1525 3044 p.
1557 2973 1664 3040 37²
1689 3010 1704 3034 ‚
1723 2968 2007 3023 Aldescum
2029 2983 2198 3023 vocat.
2231 2969 2412 3023 Halm.

1558 3070 1650 3118 ²7·
1673 3052 1812 3113 Infra
1839 3050 2054 3102 Olbiam.
2087 3049 2209 3101 Sive
2232 3050 2492 3121 Olbiopo-

1472 3129 1596 3193 lim,
1619 3130 1725 3181 hoc
1742 3142 1848 3191 est,
1875 3128 2368 3199 Borysthenitai-um
2395 3149 2494 3202 op-

1471 3207 1656 3279 pidum
1671 3250 1684 3273 ,
1714 3207 1781 3260 de
1803 3226 1912 3279 quo
1929 3209 2090 3278 paulo
2109 3220 2230 3260 ante
2243 3206 2492 3263 diximus.

1472 3286 1806 3341 Herodotum
1833 3288 2072 3359 sugillat,
2117 3288 2206 3359 qui
2237 3288 2494 3361 Melpom.

1469 3367 1565 3420 lib.
1598 3368 1698 3431 lv,
1724 3386 1872 3419 num.
1904 3366 1972 3420 53
1990 3379 2044 3419 et
2063 3369 2156 3430 54
2173 3368 2494 3439 Panticapen

1472 3461 1524 3500 et
1538 3446 1790 3528 Hypanin
1809 3446 2058 3500 influere
2043 3467 2100 3500 m
2109 3448 2496 3519 Borysthenem

1473 3525 1734 3598 prodidit.
1757 3528 1942 3580 Hann-

1559 3609 1649 3660 28.
1680 3606 1822 3659 Mare
1857 3606 1998 3659 subit.
2031 3600 2155 3660 Vct.
2193 3626 2280 3679 ap.
2317 3608 2491 3663 Dalec.

1479 3700 1531 3739 et
1544 3685 1767 3741 Chim.-
1779 3686 1927 3739 Mare
1951 3686 2094 3739 subit
2109 3705 2301 3759 magno
2328 3707 2494 3742 reces-

1476 3784 1555 3819 su.
1577 3793 1600 3814 n
1622 3766 2015 3819 En.—Euxini
2038 3766 2192 3819 Ponti
2207 3768 2378 3833 sinus,
2401 3769 2492 3839 qui

1479 3846 1773 3901 Carcinites
1797 3863 1921 3899 mox
1952 3844 2267 3918 appellatur.
2310 3854 2494 3917 Καρκι-

1476 3927 1610 3985 νίτης
1624 3928 1800 3988 κόλπος
1817 3926 2062 3979 Straboni
2079 3964 2095 3991 ,
2125 3926 2217 3978 lib.
2232 3928 2358 3989 ΧΠ,
2375 3944 2492 3997 pag.

1482 4006 1619 4070 308,
1684 4005 1752 4059 ad
1805 4006 1952 4059 mille
1987 4017 2261 4078 porrectus
2293 4004 2458 4068 stadia
2479 4046 2494 4071 ‚

1477 4085 1580 4139 hoc
1616 4099 1723 4150 est,
1751 4084 1819 4139 ad
1847 4104 1980 4139 cxxv
2017 4102 2080 4138 ιι.
2129 4102 2262 4155 pass.
2321 4084 2496 4139 Hodie

1483 4166 1631 4232 Golfe
1648 4166 1710 4217 de
1731 4166 2015 4235 Negmpoli.
2049 4165 2232 4217 Ham).
