3300 5175
1314 562 1799 633 C.PL1N11
1852 562 2078 633 NAT.
2135 562 2443 631 HISTs

787 695 1034 763 Chium
1063 695 1286 763 verius
1321 716 1524 789 quam
1561 694 1807 784 insula,
1844 694 1970 764 AEx
2010 690 2319 763 nomine'
2351 716 2393 761 a
2426 694 2648 825 spsecie
2684 718 2947 815 capt-ze,

785 826 932 896 quae
971 801 1065 869 ita
1108 801 1360 870 Graecis
1400 799 1807 897 appellatur,
1854 815 2125 897 repente
2176 825 2214 870 e
2258 784 2518 869 medi0³
2558 802 2726 869 mari
2767 802 2944 871 exsi-

784 905 967 977 liens.
1013 909 1318 979 Cernunt
1353 932 1508 977 eum
1546 932 1588 977 a
1621 909 1855 979 dextra
1888 923 2079 1004 parte
2103 906 2407 976 Andrum
2434 905 2827 1002 navigantes
2847 906 2944 977 ab

785 1013 1074 1100 Achaia,
1109 1012 1330 1083 dirum
1357 1038 1438 1085 ac
1464 1015 1874 1111 pestiferum.
1912 1015 2119 1110 AEgaei
2154 1038 2311 1109 pars
2350 1014 2627 1107 Myrtoo
2664 1001 2943 1083 datur-⁴:

787 1118 1162 1251 appellatur
1191 1121 1277 1191 ab
1313 1119 1528 1191 insula
1558 1145 1799 1218 parva,
1860 1146 2008 1217 quae
2050 1121 2351 1192 cernitur
2384 1119 2856 1191 Macedoniam
2896 1145 2943 1190 a

683 1232 752 1299 14
787 1212 1128 1297 Geraesto⁵
1167 1228 1590 1348 petentibus.
1614 1228 1801 1298 haud
1837 1226 2073 1324 procul
2104 1226 2375 1297 Euboeae
2402 1212 2727 1321 Carysto⁶
2732 1280 2747 1296 .
2794 1230 2941 1297 Ro-

783 1335 966 1402 mani
998 1336 1229 1404 omnia
1252 1334 1398 1405 haec
1425 1335 1634 1403 maria
1658 1334 1919 1406 duobus
1944 1334 2327 1404 nominibus
2356 1331 2748 1428 appellant·
2782 1336 2943 1404 Ma-

783 1441 1176 1511 cedonicum
1190 1494 1209 1528 ,
1233 1465 1654 1537 quacumque
1670 1441 1694 1482 ⁷
1718 1439 2183 1512 Macedoniam
2215 1453 2333 1509 aut
2358 1440 2715 1511 Thraciam
2737 1443 2943 1512 attin·

769 1548 886 1641 -git
923 1572 940 1615 ε
985 1549 1396 1635 Graeciense,
1453 1572 1586 1644 qua
1651 1550 1983 1619 Graeciam
2058 1546 2265 1616 alluit.
2330 1546 2508 1617 Nam
2586 1548 2807 1618 Graeci
2866 1563 2945 1617 et

782 1654 1051 1723 Ionium
1093 1654 1400 1723 dividunt
1447 1656 1517 1724 in
1566 1653 1863 1724 Siculum
1893 1707 1915 1742 ,
1992 1679 2072 1723 ac
2123 1654 2466 1725 Creticum
2489 1703 2510 1737 ‚
2552 1653 2637 1722 ab
2682 1652 2941 1725 insulis.

783 1762 958 1831 Item
1000 1762 1330 1846 Icarium,
1366 1761 1548 1857 quod
1592 1776 1691 1831 est
1744 1762 1919 1831 inter
1977 1762 2249 1829 Samum
2287 1812 2308 1847 ‚
2376 1773 2447 1828 et
2498 1760 2869 1854 Myconum
2882 1747 2937 1827 ⁸.

785 1868 1043 1935 Caetera
1087 1870 1361 1937 nomina
1396 1869 1578 1937 sinus
1615 1866 1899 1951 dedere,
1948 1891 2116 1961 quos
2178 1865 2463 1934 diximus
2475 1862 2525 1933 ⁹.
2570 1868 2660 1935 Et
2724 1869 2939 1937 maria

783 1972 1054 2067 quidem
1092 1988 1456 2070 gentesque
1487 1976 1557 2042 in
1585 1974 1789 2043 tertio
1824 1976 2115 2067 Europae
2151 1972 2299 2042 sinu
2335 1971 2421 2040 ad
2441 1971 2626 2043 hunc
2655 1972 2937 2043 modum

787 2102 858 2146 se
888 2079 1161 2149 habent.

719 2213 745 2249 1
890 2188 1081 2255 XIX.
1125 2175 1318 2279 (ιιι.)
1361 2186 1602 2258 Insulae
1643 2200 1869 2257 autem
1913 2212 1995 2257 ex
2034 2185 2315 2255 adverso
2352 2184 2801 2282 Thesprotiae*
2822 2240 2844 2275 ‚
2894 2210 2941 2256 a

782 2291 1116 2361 Buthroto
1148 2293 1498 2364 duodecim
1539 2292 1747 2365 millia
1788 2318 2103 2390 passuum
2141 2319 2158 2359 :
2209 2291 2440 2362 eadem
2498 2293 2587 2363 ab
2636 2296 2939 2364 Acroce-

785 2398 1036 2468 rauniis
1082 2400 1562 2496 quinquaginta
1613 2399 1777 2470 mill.
1838 2426 1994 2471 cum
2054 2398 2222 2469 urbe
2284 2398 2583 2495 ejusdem
2647 2400 2941 2470 nominis

793 586 942 656 292

785 2581 1196 2654 exemplarium,
1234 2583 1294 2636 in
1319 2582 1516 2656 quibua
1543 2596 1597 2637 et
1630 2586 1814 2638 Tenum
1984 2583 2035 2638 3.
2072 2582 2127 2635 Ε
2152 2582 2322 2638 medio.
2342 2580 2429 2637 Sic
2442 2601 2533 2656 ap.
2548 2580 2929 2640 Chiffinalee.

787 2677 842 2717 et
861 2663 1088 2717 Andrum
1115 2662 1342 2734 legitur:
1364 2681 1475 2716 non
1489 2678 1551 2719 ut
1571 2664 1657 2718 isti
1674 2664 1817 2718 exhi·
1900 2667 1950 2716 in
1995 2663 2169 2716 medio.
2201 2663 2309 2716 En.

785 2743 919 2796 bent
939 2743 1179 2796 Tenedum
1202 2755 1258 2798 et
1280 2743 1592 2796 Antandrum
1609 2763 1630 2798 :
1647 2763 1681 2798 a
1698 2745 1817 2816 qui-
2000 2749 2053 2806 4.
2094 2743 2295 2816 Myrtoo
2335 2743 2499 2796 datur.
2530 2745 2656 2798 Vct.
2688 2743 2941 2816 Myrtoum

785 2824 889 2876 bus
917 2841 1156 2876 errorem
1193 2822 1251 2875 in
1295 2822 1464 2876 Plinii
1507 2836 1813 2878 contextum
1901 2823 2191 2894 appellatur.
2251 2823 2388 2876 Item
2449 2841 2609 2895 supra
2636 2860 2657 2889 ‚
2706 2841 2826 2894 cap.
2882 2824 2937 2878 5.

785 2901 1160 2957 transfundere
1187 2902 1471 2958 Salmasius
1487 2915 1738 2969 conatur,
1756 2904 1816 2958 in
1902 2905 2109 2957 Dauo.
2151 2931 2232 2944 —-
2275 2901 2393 2956 Hoc
2433 2915 2514 2956 eat
2534 2941 2551 2969 ,
2599 2903 2768 2974 AEgaei
2812 2922 2940 2975 paru

787 2982 958 3037 Solin.
974 3001 1097 3054 pag.
1127 2984 1259 3038 168.
1279 2981 1464 3036 Han.
1902 2981 2147 3056 quadam
2170 2993 2249 3034 eat
2268 2982 2546 3054 Myrtoum
2560 3001 2726 3036 mare.
2749 2981 2935 3038 Ihm.

875 3082 927 3116 2.
971 3063 1086 3116 AEa:
1111 3067 1317 3116 nomine.
1372 3061 1494 3129 Αἲξ,
1538 3081 1660 3136 quae
1712 3081 1818 3118 vox
1986 3061 2039 3116 ⁵.
2085 3061 2323 3116 Geraesto.
2350 3062 2528 3115 Dalec.
2556 3061 2778 3117 Get-esto.
2824 3065 2937 3117 ΕΙ).

786 3159 1003 3213 capram
1030 3155 1199 3196 sonat.
1239 3141 1417 3196 Plinio
1457 3141 1818 3215 adstipulatur

783 3221 1062 3292 Apollonii
1115 3224 1456 3288 scholiastes,
1494 3225 1563 3276 ab
1609 3224 1707 3278 lib.
1748 3223 1813 3275 1:

787 3303 990 3372 Argon.
1015 3321 1066 3354 v.
1101 3301 1171 3356 83
1185 3322 1233 3356 ι.
1255 3305 1324 3357 Τὸ
1363 3304 1561 3374 Αἰγαῖον
1596 3305 1813 3374 πέλαγος

789 3384 964 3439 ἐκλήθη
1001 3381 1100 3434 ἀπὸ
1114 3381 1261 3438 νήσου
1291 3384 1457 3454 Αἰγῶν
1491 3385 1813 3455 καλευμένης.

786 3460 962 3515 Aliter
982 3461 1166 3515 Festus
1191 3480 1206 3514 ε
1240 3487 1264 3511 ι
1287 3465 1529 3534 AEgaeum
1553 3481 1703 3516 mare
1721 3481 1819 3534 ap·

789 3541 1041 3612 pellatur,
1071 3539 1222 3613 quod
1259 3543 1462 3596 crebrae
1499 3544 1558 3596 in
1603 3561 1670 3596 eo
1714 3543 1823 3596 sint

790 3620 1002 3680 insulan,
1020 3633 1081 3674 ut
1103 3623 1294 3692 procul
1313 3623 1693 3695 aspicientibus
1706 3639 1821 3694 spe-

790 3701 898 3756 cies
938 3719 1218 3773 caprarum
1265 3701 1548 3757 videantur
1599 3720 1615 3756 :
1670 3701 1781 3754 sive
1798 3739 1816 3769 ,

792 3779 939 3852 quod
952 3781 1008 3834 in
1021 3800 1085 3835 eo
1095 3785 1274 3854 AEgaea
1282 3781 1620 3836 Amazonum
1632 3779 1819 3852 regina

792 3861 1017 3932 perierit
1046 3880 1061 3916 :
1094 3863 1204 3915 sive
1238 3859 1392 3934 quod
1430 3861 1488 3914 in
1529 3880 1593 3915 eo
1623 3863 1819 3932 AEgeus

795 3954 946 4012 pater
956 3940 1149 3996 Thesei
1161 3959 1217 3996 se
1226 3939 1654 4014 precipitaverit.
1668 3965 1691 3988 a
1702 3939 1820 3995 Sui-

791 4017 888 4074 ἀει·
913 4021 982 4076 ab
1006 4025 1175 4094 AEgeo
1193 4022 1388 4076 Thesei
1405 4033 1556 4094 patre
1579 4021 1819 4092 appella-

791 4100 951 4154 tionis
977 4120 1188 4156 causam
1219 4103 1370 4174 petit.
1402 4099 1546 4155 Vide
1573 4101 1814 4156 Eustath.

788 4182 848 4238 in
867 4182 1021 4237 Iliad.
1045 4185 1112 4248 B,
1129 4202 1180 4237 v.
1213 4188 1308 4246 ἀι.
1331 4181 1512 4236 Ham).

1903 3173 1985 3187 —-
2017 3141 2235 3195 Euhoeae
2268 3153 2391 3194 sunt
2434 3142 2549 3196 hec
2590 3141 2815 3215 oppida,
2856 3142 2926 3196 de

1903 3221 2099 3296 quibus
2123 3239 2242 3294 cap.
2276 3240 2367 3275 αι.
2400 3221 2582 3277 Han.

1984 3305 2041 3356 6.
2096 3300 2323 3373 Carysto.
2362 3301 2540 3356 Dalec.
2564 3302 2807 3356 Char-isto.
2828 3299 2931 3355 En.

1986 3400 2043 3452 7.
2092 3382 2421 3453 Quacumque.
2470 3381 2563 3435 Sic
2608 3401 2697 3454 ap.
2744 3380 2929 3436 chiffl.

1904 3461 2085 3514 Dulce.
2119 3461 2477 3534 Quodcumque.
2505 3461 2613 3515 En.

1987 3542 2044 3595 8.
2104 3540 2381 3608 Myconmn.
2421 3542 2552 3595 Vct.
2596 3560 2687 3614 ap.
2735 3541 2917 3596 Dalee.

1908 3620 2178 3694 Myconem.
2208 3622 2315 3676 ΕΙ).

1985 3720 2041 3770 9.
2075 3700 2211 3771 Quos
2238 3701 2467 3755 elisimus.
2511 3700 2593 3754 Ut
2626 3699 2933 3755 Corinthia·

1904 3796 1998 3832 cus
2013 3819 2029 3845 ‚
2060 3779 2349 3835 Saronicus
2368 3822 2385 3848 ,
2424 3781 2723 3836 Laconicus
2741 3819 2759 3845 ,
2784 3793 2939 3835 cnte-

1904 3859 2079 3932 rique.
2099 3860 2283 3914 ΗΑΙιι).

1984 3941 2140 3993 XIX.
2173 3958 2222 3995 1.
2252 3941 2585 4012 Thesprotia,
2609 3959 2643 3990 a
2661 3940 2931 3994 Baelo-ooo.

1904 4018 2087 4074 Editio
2099 4019 2348 4092 princeps
2363 4020 2689 4092 Thesprotia,
2718 4019 2935 4086 Cor-eyn

1904 4100 2209 4154 aButluueo.
2231 4099 2670 4155 Rama—Dulce.
2692 4101 2937 4173 stupro-

1906 4183 1989 4234 n'ae
2010 4180 2227 4253 Corcyra
2244 4220 2260 4244 ,
2280 4199 2315 4232 a
2336 4181 2603 4234 Buthroto.
2628 4179 2735 4236 En.
