3300 5175
882 9 1283 24 -wv-qw*q-
1330 11 1363 15 ,-
1390 11 1393 13 v
1416 11 1457 16 .-
1514 11 1525 13 -

1199 540 1518 609 LIBER
1570 539 1723 607 111.

2375 537 2523 612 205

505 674 834 744 XXVIII.
869 661 1118 762 (ΗΝ.)
1154 668 1356 739 Inde'
1395 669 1759 765 glandifera
1790 672 2182 759 Pannonias,
2224 695 2371 766 quae
2416 674 2529 742 mi·
2574 713 2594 746 ι

398 781 721 852 tescentia
749 776 1014 872 Alpium
1059 777 1254 872 juga,
1291 800 1411 871 per
1459 774 1751 844 medium
1796 775 2134 871 Illyricum
2175 801 2215 846 a
2250 793 2531 873 septem-

399 890 612 958 trione
647 885 733 955 ad
760 883 1104 954 meridiem
1141 907 1332 952 versa
1363 879 1546 952 molli
1582 883 1652 948 in
1689 880 1920 950 dextra
1956 907 2034 951 ac
2077 882 2242 954 laeva
2275 885 2533 957 devexi-

398 1009 534 1064 tate
586 991 957 1062 considunt.
1008 991 1176 1079 Quae
1228 1013 1381 1083 pars
1435 987 1521 1057 ad
1565 1011 1749 1056 mare
1792 987 2201 1059 Adriaticum
2242 1006 2531 1085 spectat,

399 1097 768 1194 appellatur
808 1095 1182 1184 Dalmatia,
1216 1110 1285 1165 et
1349 1093 1686 1189 Illyricum
1734 1118 1935 1188 supra
1984 1094 2252 1164 dictum.
2291 1098 2397 1168 Ad
2437 1125 2535 1170 se-

398 1205 830 1301 ptemtriones
872 1203 1247 1332 Ρ3ιιῐιοιιί33’
1278 1203 1548 1338 vergit:
1587 1200 1817 1268 finitur
1862 1200 2015 1270 inde
2064 1191 2531 1276 Danubi0.1n

401 1337 479 1380 ea
518 1311 829 1397 colonias,
871 1293 1210 1395 AEmona3,
1251 1295 1501 1378 Siscia.
1540 1308 1787 1376 Amnes
1820 1305 1981 1375 clari
2018 1321 2086 1376 et
2124 1311 2530 1404 navigabiles

400 1419 470 1486 in
486 1417 872 1494 Danubium
901 1415 1234 1499 defluunt,
1261 1399 1560 1484 Dravus⁵
1578 1438 1615 1483 e
1636 1413 1901 1485 Noricis
1922 1414 2294 1502 violentior,
2319 1419 2531 1488 Savus

401 1548 482 1592 ex
525 1523 802 1620 Alpibus
838 1521 1138 1592 Carnicis
1190 1519 1540 1615 placidior,
1584 1505 1769 1590 cxx⁶
1814 1544 1892 1590 Μ.
1941 1545 2113 1649 pass.
2160 1522 2530 1594 intervallo.

401 1631 670 1698 Dravus
737 1653 857 1723 per
923 1626 1249 1698 Serretes⁷
1277 1679 1296 1711 ‚
1351 1611 2034 1719 Serrapillos,1asos⁸
2079 1627 2472 1700 Andizetes⁹

403 1737 615 1804 Savus
660 1760 780 1830 per
840 1731 1298 1828 Colapianos¹⁰
1315 1785 1334 1818 ‚
1373 1730 1875 1826 Breucosqueff

1932 1733 2340 1827 Populorum
2386 1737 2531 1808 haec

403 1843 638 1937 capita.
701 1843 1026 1910 Praeterea
1077 1841 1418 1925 Arivates‚
1463 1837 1678 1908 Azali'
1688 1840 1733 1923 ²,
1770 1839 2083 1908 Amantes
2102 1895 2135 1928 ‚,
2192 1840 2478 1935 Belgites
2510 1893 2531 1928 ,
2571 1879 2600 1910 2

395 2015 454 2056 oe.
505 2015 700 2063 xxxtv,
743 1995 888 2066 apud
936 1995 1197 2048 Antonin.
1247 1995 1422 2049 Hodie

403 2074 592 2146 δορυ-οη
605 2115 623 2142 ,
649 2076 759 2128 sive
783 2075 1118 2144 OEdeubm-g,
1150 2075 1208 2128 in
1230 2075 1418 2128 eodem

404 2168 592 2208 tractu.
621 2155 804 2210 ΗΑΒ».

481 2235 744 2288 XXVIII.
786 2253 834 2288 1.
867 2233 987 2288 Inde
1013 2235 1312 2304 glandifera.
1343 2235 1422 2288 Ita

403 2314 560 2368 MSS.
610 2332 794 2368 omnes
812 2348 830 2374 ‚
871 2333 984 2367 non
1031 2318 1082 2366 ia
1125 2315 1422 2384 glandifera.

401 2393 522 2446 Hoc
539 2405 642 2458 est,
671 2406 795 2466 post
817 2413 902 2446 eas
927 2406 1132 2465 gentes,
1156 2411 1219 2446 ac
1237 2395 1424 2458 urbes,

401 2492 532 2544 quas
573 2486 722 2526 antea
753 2473 1096 2531 memoravit,
1133 2472 1424 2545 glandifera

401 2565 526 2607 sunt
559 2553 862 2607 Pannonio.
904 2551 1068 2624 Apud
1109 2554 1390 2624 Hygeuum
1408 2592 1424 2619 ,

401 2633 498 2687 lib.
524 2631 594 2685 de
620 2634 908 2686 Limitibus
937 2632 1150 2686 constit.
1185 2652 1240 2705 p.
1282 2638 1388 2687 206
1405 2673 1422 2699 ,

401 2713 626 2783 legimus
670 2714 727 2765 in
757 2714 1032 2767 Pannonia
1073 2714 1234 2783 sylvis
1272 2714 1424 2783 glan·

405 2789 588 2844 diferis
609 2792 830 2863 vectigal
851 2793 1216 2847 constitutum.
1235 2794 1420 2847 Ham).

490 2890 541 2922 ².
600 2873 860 2923 Pannonia
915 2878 1092 2943 vergit.
1158 2871 1421 2925 Carniolae

407 2960 610 3021 partem
630 2988 647 3013 ‚
687 2948 883 3003 deinde
927 2951 1194 3006 Croatiam
1213 2988 1228 3007 ‚
1278 2952 1422 3004 Scla-

406 3028 618 3081 voniam
635 3066 651 3091 ‚
677 3030 1112 3100 Hungariamque
1129 3031 1424 3102 complexa,

407 3108 716 3161 Danubium
743 3127 929 3179 usque.
956 3108 1140 3162 Hum.

491 3187 547 3242 3.
565 3188 803 3239 AEmona.
823 3188 1086 3257 urbach,
1109 3198 1172 3243 ut
1195 3186 1426 3242 diximus

409 3284 523 3337 cap.
565 3287 653 3320 n.
693 3266 956 3321 Carniolae
983 3267 1298 3339 primarium
1326 3287 1424 3338 op·

408 3344 620 3417 pidum.
647 3336 836 3417 flama
871 3348 1182 3411 Ptolemaeo,
1213 3347 1307 3399 lib.
1343 3348 1426 3411 11,

407 3443 529 3497 cap.
556 3426 654 3487 15,
681 3426 780 3478 sub
805 3426 1004 3479 Norico
1026 3426 1332 3481 Pannonia.
1355 3426 1422 3479 H.

489 3512 540 3568 4.
564 3505 736 3559 Siscia.
766 3508 941 3560 Σίσκια
961 3506 1182 3560 Ptolem.
1209 3506 1310 3559 loc.
1335 3506 1422 3559 cit.

409 3585 588 3657 Vulgo
606 3584 786 3651 Sisselae,
806 3584 872 3639 ad
893 3586 1086 3639 Savum
1106 3604 1332 3641 amnem.
1353 3586 1424 3639 Η.

492 3662 542 3717 5.
583 3665 840 3718 Dravus...
881 3665 1052 3718 Savus.
1097 3665 1212 3719 Elz.
1253 3666 1344 3719 hic.
1371 3678 1424 3719 et

409 3744 567 3809 infra,
580 3743 951 3798 Draus...Saus.
971 3744 1180 3798 Nomen
1191 3746 1424 3799 retinent

408 3825 575 3886 Dmu,
601 3824 710 3879 sive
724 3826 894 3877 Dran
913 3837 966 3877 et
984 3823 1114 3889 San,
1139 3826 1250 3877 sive
1276 3826 1420 3879 Save.

410 3902 597 3973 Δροὶὃος
622 3916 674 3957 et
703 3910 858 3966 Σαῦος
890 3905 1139 3957 dicuntur
1163 3904 1423 3970 lib.V11‚

409 4000 529 4055 pag.
555 3984 689 4048 314,
707 3983 980 4043 Straboni,
1003 3984 1095 4054 qui
1106 4002 1428 4077 perperam,

414 4072 472 4113 ut
507 4061 876 4117 animadvertit
915 4062 1080 4117 Hard.
1133 4062 1327 4115 Savum
1367 4064 1425 4117 in

1509 1995 1562 2048 N
1564 2013 1772 2058 aarum,
1794 2008 2010 2066 accepto
2032 2015 2093 2050 ex
2112 1997 2407 2069 Iapydibus
2432 2003 2535 2056 Co-

1505 2075 1650 2148 lapi‚
1688 2074 1747 2128 in
1790 2075 2096 2128 Danubium
2136 2075 2363 2132 influere
2402 2098 2534 2134 con-

1508 2155 1699 2216 tendit,
1732 2151 1891 2214 dum,
1921 2168 1979 2208 ut
2007 2156 2169 2210 tradit
2196 2157 2410 2224 Noster,
2441 2160 2535 2215 Sa-

1506 2252 1608 2288 vus
1645 2247 1700 2288 et
1742 2236 1947 2286 Dravus
1986 2255 2082 2289 suo
2120 2236 2343 2309 quisque
2382 2241 2533 2294 alveo
2646 2243 2653 2250 ’

1509 2313 1817 2367 Danubium
1859 2314 2038 2367 intrat.
2065 2316 2173 2369 En.

1591 2397 1648 2448 6.
1675 2394 1854 2447 CXX.
1885 2394 2065 2449 Dalec.
2094 2396 2268 2450 CXV.
2293 2395 2396 2451 En.

1591 2491 1645 2544 7.
1670 2472 1898 2527 Ser-retes.
1922 2474 1994 2526 Hi
2019 2488 2071 2529 et
2100 2477 2373 2548 Sempilli
2391 2517 2409 2544 ,
2434 2479 2534 2533 Ca·

1508 2553 1766 2607 rinthiam
1791 2565 2045 2621 tenuere,
2070 2556 2348 2629 ripamque
2370 2560 2533 2630 gemi-

1507 2652 1632 2687 nam
1664 2634 1826 2687 Dravi
1856 2635 2044 2688 amnis.
2075 2634 2253 2691 Hau).

1591 2716 1646 2768 8.
1662 2714 1817 2766 Iasos.
1832 2702 2056 2776 Ῐασσίους
2069 2716 2528 2788 appellatPtolem.

1509 2793 1603 2845 lib.
1631 2793 1689 2845 Π
1708 2833 1724 2859 ‚
1749 2812 1865 2864 cap·
1906 2812 1927 2847 1
1945 2794 1995 2848 5.
2024 2795 2200 2849 Han.

1591 2894 1641 2941 9.
1671 2874 1954 2927 Andizetes.
1996 2874 2179 2929 Chiffi.
2230 2876 2529 2932 Sandizetes.

1507 2951 1692 3005 Dalec.
1724 2952 2049 3007 Sandrizeees.
2073 2954 2353 3009 Andizetes
2378 2958 2531 3011 resti-

1512 3032 1617 3085 tuit
1639 3031 1806 3085 Hard.
1844 3051 1908 3085 ex
1946 3035 2203 3087 Strabone
2222 3073 2238 3098 ,
2270 3036 2366 3088 lib.
2389 3037 2499 3089 VII
2515 3076 2532 3103 ,

1511 3128 1633 3181 pag.
1672 3108 1815 3174 314,
1844 3110 1901 3162 in
1924 3130 2032 3183 quo
2058 3114 2403 3182 reperiuntur
2434 3108 2527 3169 Ᾰν-

1509 3186 1734 3250 διζητίοι.
1754 3191 2037 3262 Ignoratur
2054 3210 2237 3245 eorum
2257 3194 2401 3247 situs.
2422 3196 2527 3249 En.

1599 3286 1683 3322 10.
1712 3268 2024 3339 Colapianos.
2048 3270 2101 3323 A
2122 3270 2287 3326 fluvio
2312 3274 2529 3348 Colnpi,

1511 3350 1661 3418 cujus
1684 3367 1810 3400 mox
1840 3349 2077 3415 Plinius,
2113 3351 2309 3423 aliique
2342 3355 2529 3409 memi-

1509 3446 1656 3481 nere.
1689 3426 1866 3481 Hanu.

1595 3524 1683 3560 11.
1720 3508 2040 3579 Breucosque.
2067 3515 2260 3580 Βριῦκοι
2296 3515 2527 3569 Ptolem.

1509 3588 1608 3641 lib.
1641 3588 1729 3651 11,
1758 3606 1874 3658 cap.
1913 3592 1981 3641 16
2000 3627 2016 3651 ‚
2048 3602 2100 3642 et
2126 3590 2406 3660 Straboni,
2434 3596 2528 3650 lib.

1511 3669 1653 3732 VII,
1678 3684 1797 3737 pag.
1832 3667 1965 3732 314.
1994 3671 2190 3740 Βριυκοὶ
2213 3674 2407 3740 Dioni,
2435 3675 2529 3729 lib.

1509 3748 1629 3811 LV,
1643 3765 1763 3817 pag.
1786 3748 1917 3803 568.
1938 3748 2159 3815 Eorum,
2172 3755 2532 3823 sequentium·

1509 3846 1614 3898 que
1637 3828 1879 3881 omnium
1896 3829 2219 3898 populorum
2236 3833 2365 3886 sirus
2382 3834 2530 3906 igno·

1509 3920 1677 3961 ratur.
1706 3908 1888 3960 Hono.
1918 3919 1970 3959 et
1992 3909 2098 3961 En.

1599 4003 1689 4037 η.
1728 3986 1914 4043 Azali,
1948 4000 2048 4040 etc.
2085 3971 2267 4049 Atella
2303 3990 2529 4047 Ptolem.

1513 4066 1570 4118 in
1606 4065 1881 4119 Pannonia
1908 4066 2207 4138 superiore,
2242 4069 2337 4123 lib.
2368 4072 2454 4137 11,
2481 4092 2531 4126 c.

415 4141 684 4207 Dravnw,
715 4146 955 4198 Dravum
991 4143 1047 4195 in
1080 4143 1348 4209 Nouum,
1378 4156 1430 4196 et
1525 4162 1548 4197 1
1563 4147 1614 4199 5.
1656 4136 1974 4214 Ᾰμαντῆνοι,
2016 4145 2071 4197 in
2112 4145 2395 4217 inferiore,
2418 4170 2537 4227 cap.
