3300 5175
1123 559 1444 625 LIBER
1500 559 1636 624 111.

2376 552 2475 641 43

322 716 561 761 nenses
574 675 648 778 ⁸⁶,
671 688 1178 760 Calaouritanos
1193 676 1242 728 ⁸⁷
1271 692 1386 784 qui
1409 689 1865 759 Fibularenses
1895 690 2477 785 cognominantur,

325 797 833 892 Complutenses
874 782 922 882 ⁸,
965 800 1294 867 Carenses
1307 784 1382 883 ⁸⁹,
1429 800 1788 867 Cincenses
1802 796 1881 882 ⁹⁰,
1928 800 2380 866 Cortonenses
2398 795 2476 881 ⁹¹,

323 906 808 973 Damanitanos
828 902 905 989 ⁹²,
937 890 1358 974 Larnenses⁹³

1364 959 1384 988 ‚
1400 908 1765 973 Lursenses
1782 891 1859 987 ⁹⁴,
1886 889 2477 987 Lumberitanos⁹⁵‚

324 1011 696 1080 Lacetanos
707 997 782 1099 ⁹⁵,
837 1011 1202 1080 Lubienses
1219 1010 1297 1098 ⁹⁷,
1337 1010 1895 1105 Pompelonenses
1912 996 1990 1096 ⁹⁸,
2028 1012 2374 1105 Segienses
2394 1009 2472 1074 99.

408 1196 500 1247 86.
545 1194 920 1247 Bursaonenses.
953 1194 1057 1247 Vel
1097 1194 1346 1248 Bursavo-

327 1275 496 1337 Ieuses,
524 1272 594 1326 de
634 1274 832 1347 quibus
870 1274 1080 1327 Hirtius
1117 1274 1174 1327 in
1198 1276 1348 1329 Bello

325 1354 476 1424 Hisp.
499 1373 620 1426 pag.
661 1374 683 1408 1
698 1355 768 1407 58
786 1394 804 1419 ‚
825 1356 906 1407 vel
929 1354 1258 1406 Bursadenses
1282 1357 1350 1408 ab

323 1432 528 1505 oppido
558 1430 829 1505 Βοῦρσαὸα
845 1473 862 1500 ,
888 1433 958 1487 de
984 1454 1092 1507 quo
1121 1436 1347 1489 Ptolem.

321 1514 418 1567 lib.
441 1514 498 1566 11
513 1552 530 1578 ‚
551 1532 666 1585 cap.
693 1518 748 1579 6,
771 1516 828 1567 in
850 1514 1146 1569 Celtiberis.
1165 1514 1348 1568 Hsnn.

430 1598 528 1662 87.
610 1594 1010 1665 Calaguritanos.
1079 1594 1352 1665 Calaguris

327 1673 648 1739 Quintiliani
666 1675 896 1727 rhetoris
907 1674 1171 1728 natalibus
1192 1676 1350 1739 clara,

323 1752 489 1807 hodie
535 1754 809 1807 Galakorra
840 1767 942 1820 est,
988 1753 1060 1808 ad
1098 1755 1315 1807 Iberum
1333 1795 1348 1822 ,

321 1834 489 1886 leucis
521 1834 736 1887 circiter
771 1847 894 1888 octo
937 1852 1097 1907 supra
1145 1836 1349 1887 Tudela.

322 1914 388 1965 In
419 1913 563 1966 Gaza
590 1912 781 1985 Regia,
815 1934 1068 1967 nummus
1093 1915 1351 1984 Augusti,

325 2012 466 2047 nvn.
493 2012 686 2047 cusa.
713 2014 824 2047 ιη.
852 1995 1031 2047 Hmn.
1056 2007 1109 2047 et
1125 1995 1228 2046 En.

408 2076 502 2128 88.
547 2074 918 2144 Complutenses.
964 2074 1316 2145 Complutum
1337 2113 1353 2139 ,

325 2166 386 2205 nt
424 2154 734 2207 narduinus
777 2166 828 2207 et
866 2155 1103 2208 Gnnur.
1132 2154 1352 2219 volunt,

324 2231 491 2286 hodie
521 2246 599 2287 est
613 2235 796 2287 Alcala
821 2234 881 2286 de
900 2236 1128 2287 Herem-ez
1147 2276 1162 2297 ,
1190 2233 1258 2286 ad
1279 2235 1354 2286 ri-

326 2332 456 2365 vum
478 2314 732 2375 Henarez,
764 2332 851 2367 sex
876 2315 1040 2368 leucis
1061 2335 1090 2369 a
1117 2314 1352 2381 Madrid,

323 2394 587 2446 orientem
613 2412 811 2449 versus.
832 2394 934 2447 En.

409 2471 502 2542 89.
534 2474 954 2527 Carenses.Vetus
975 2463 1240 2546 oppidum
1261 2494 1354 2527 no·

323 2572 451 2606 men
477 2554 672 2609 retinet
701 2555 851 2608 Cam
869 2574 889 2607 .·
905 2572 1107 2609 novum
1123 2594 1139 2619 ‚
1167 2554 1354 2608 Puente

326 2636 378 2686 la
393 2634 564 2706 Restm
577 2674 594 2698 ,
614 2636 778 2688 leucis
801 2653 856 2687 tv
872 2653 902 2688 a
918 2635 1215 2706 Pamplona‚
1239 2654 1352 2688 me-

323 2713 520 2766 ridiem
540 2733 737 2767 versus.
755 2715 1039 2786 Inscriptio
1061 2714 1204 2786 apud
1233 2717 1357 2769 Am·

326 2794 470 2847 bros.
509 2793 764 2854 Morales,
799 2795 890 2847 sol.
931 2795 1036 2848 68:
1061 2796 1142 2847 Ex
1178 2796 1356 2848 Cress-

325 2889 493 2927 ntma.
509 2875 778 2927 Kuuznsr.
791 2875 898 2926 hoe
911 2888 1001 2932 est.
1013 2894 1078 2927 ex
1090 2873 1355 2928 conventu

325 2954 818 3024 Caesaraugustano‚
837 2953 1041 3027 oppido
1070 2975 1162 3008 seu
1177 2957 1354 3008 muni·

324 3034 472 3104 cipio
499 3035 716 3088 Curensi
738 3053 753 3087 :
776 3054 886 3087 non
906 3075 922 3100 ,
950 3048 1010 3088 ut
1033 3035 1260 3106 Scaliger
1280 3037 1358 3088 in·

323 3127 667 3185 terpretatur,
685 3115 741 3167 in
763 3115 999 3169 Gruterii
1019 3113 1196 3168 indice
1214 3156 1230 3182 ‚
1254 3116 1357 3169 Ca-

326 3213 486 3246 remes
516 3194 965 3266 Coesarauguseani.
1010 3195 1196 3248 Ham).

409 3293 499 3343 90.
546 3275 814 3328 Cim-enses.
859 3277 940 3328 Ita
976 3275 1102 3328 libri
1141 3295 1325 3329 omnes
1343 3315 1358 3341 ‚

325 3368 522 3426 praeter
549 3355 728 3409 Εἶπεν.
758 3354 901 3426 apud
929 3373 1086 3427 quem
1121 3355 1356 3409 Cicenses.

326 3435 489 3487 Forte
519 3435 778 3488 Cirmenses
804 3437 870 3488 ab
896 3433 1100 3509 oppido
1122 3438 1280 3490 Κίννα.
1299 3437 1358 3488 in

322 3515 628 3568 saocetania
654 3516 951 3581 Ptolemaei‚
984 3516 1078 3569 lib.
1109 3517 1194 3582 11,
1218 3537 1267 3571 c.
1301 3521 1355 3570 6.

325 3595 397 3648 Η.
413 3607 467 3648 et
483 3595 588 3648 En.

411 3693 500 3743 9¹·
527 3675 857 3730 Cortonenses.
888 3673 1038 3730 MSS.
1058 3693 1242 3730 omnes
1265 3677 1360 3730 Co·

327 3767 560 3807 romenses.
581 3755 768 3808 Hum.

409 3853 479 3906 9²
489 3877 503 3889 .
517 3835 890 3889 Damanitanos.
908 3839 974 3889 In
993 3835 1357 3890 Edetnnorum

321 3929 505 3988 gente,
536 3916 592 3968 in
615 3914 812 3988 quibus
831 3917 946 3988 ipsa
966 3917 1359 3989 Caesaraugusta

325 3997 458 4060 fuit,
490 3997 756 4068 Δαμανία,
780 3997 1066 4050 Ptolemaeo
1087 4036 1102 4061 ,
1131 3999 1235 4050 loc.
1266 3998 1356 4049 cit.

326 4078 546 4131 sortasse
587 4077 855 4142 Mediana,
883 4075 953 4130 ad
992 4077 1208 4131 Iberum
1229 4118 1242 4143 ‚
1270 4097 1360 4130 sex

328 4157 492 4210 leucis
528 4157 664 4210 infra
692 4159 982 4227 Zur-agaza.
1013 4159 1116 4209 En.

412 4237 505 4306 93.
535 4239 812 4289 Lat-nenses.
833 4240 915 4291 Ab
937 4236 1162 4308 oppido,
1183 4239 1360 4290 harno

329 4318 504 4375 amni,
548 4316 615 4371 de
654 4337 763 4390 quo
801 4336 990 4389 supra,
1020 4318 1356 4392 cognomine.

1441 1194 1681 1247 Fortasse
1708 1195 1949 1247 Torderas
1969 1191 2038 1247 ad
2056 1192 2258 1246 flumen
2285 1194 2475 1246 Tor-de-

1441 1295 1519 1328 m.
1545 1276 1731 1327 Ham).
1758 1288 1811 1327 et
1834 1276 1939 1327 En.

1522 1363 1616 1425 94.
1637 1356 1913 1420 Lunenses,
1935 1364 2025 1406 etc.
2040 1353 2223 1418 Quum
2237 1352 2475 1406 hocloco

1439 1435 1765 1507 populorum
1787 1434 2002 1486 nomina
2021 1430 2235 1503 disponi
2262 1452 2359 1504 per
2377 1432 2479 1485 ele-

1441 1527 1616 1567 menta
1636 1512 1866 1567 debeant
1882 1554 1897 1579 ,
1916 1513 2051 1565 mire
2064 1513 2243 1565 omnia
2260 1524 2475 1584 pertur-

1440 1594 1561 1647 bata
1577 1634 1591 1657 ,
1616 1594 1985 1665 permixtaque
2007 1594 2203 1646 suntin
2227 1592 2378 1645 libris
2406 1592 2475 1645 ad

1440 1674 1588 1727 hunc
1611 1672 1757 1727 diem
1792 1674 2055 1745 vulgatis:
2079 1674 2154 1726 sic
2189 1673 2335 1725 enim
2369 1672 2473 1724 ha-

1441 1754 1597 1807 bent:
1620 1754 1885 1805 Lar-nenses
1900 1792 1916 1818 ,
1944 1755 2199 1829 [tyrienses
2212 1793 2226 1816 ‚
2255 1753 2473 1823 Ispalen·

1441 1854 1539 1899 ses,
1563 1834 1941 1886 Lumberieanos.
1961 1834 2028 1885 In
2050 1832 2202 1885 MSS.
2218 1834 2348 1904 Reg.
2372 1844 2474 1884 etc.

1444 1915 1736 1979 Lat-nenses,
1775 1915 2030 1965 Lursenses
2042 1952 2060 1979 ‚
2092 1913 2472 1965 Lamberitanos.

1442 1996 1523 2046 De
1538 1994 1893 2067 Ispalensibus
1908 1995 2045 2047 nihil
2067 2012 2081 2046 :
2104 1990 2249 2045 unde
2272 1993 2378 2044 huc
2400 1992 2475 2044 ir-

1441 2076 1720 2145 repserint,
1732 2074 2125 2145 incompertum
2140 2071 2331 2132 adhue.
2343 2070 2477 2124 Her-

1444 2156 1647 2207 molaus
1684 2154 1942 2206 Ilm-sensas
1992 2156 2059 2207 ab
2096 2152 2314 2205 Ilurone
2362 2153 2473 2223 jam

1443 2246 1596 2289 antea
1628 2248 1920 2288 memorato
1944 2230 2178 2307 oppido,
2193 2250 2369 2303 neque
2390 2248 2475 2283 re·

1444 2312 1689 2366 vocando
1716 2315 1977 2385 amplius:
2006 2315 2265 2367 [cartenses
2288 2311 2470 2363 Dalec.

1440 2394 1510 2446 ab
1535 2384 2099 2465 irot‘aptooe‚Vaseonum
2126 2392 2361 2455 civitate,
2390 2410 2474 2443 re-

1441 2474 1631 2544 posuit.
1662 2474 1844 2527 ΒΑΜ).

1523 2572 1556 2623 9
1568 2554 1617 2607 5.
1641 2554 2021 2608 Lamberitanos.
2042 2553 2203 2606 Dalec
2221 2564 2274 2606 et
2289 2552 2472 2604 Elzev.

1443 2635 1825 2688 Ilumberitanos.
1843 2635 1927 2686 Ab
1949 2632 2154 2706 oppido
2169 2631 2317 2706 quod
2334 2631 2473 2686 Galli

1443 2714 1669 2766 Lumbier
1684 2753 1699 2778 ‚
1722 2715 1779 2766 in
1794 2715 2027 2767 Navarra
2045 2713 2256 2767 :incolae
2273 2713 2475 2766 Vasco·

1441 2795 1588 2856 nice,
1609 2795 1871 2847 Irumbern‘
1892 2808 2109 2852 vocant,
2139 2805 2269 2846 teste
2298 2792 2473 2846 Oihe-

1441 2889 1622 2939 narto,
1643 2893 1768 2947 pag.
1792 2865 1864 2946 90
1879 2914 1895 2940 ,
1915 2875 2081 2928 leucis
2104 2892 2188 2927 vn
2202 2891 2229 2926 a
2252 2873 2479 2944 Pompe-

1443 2956 1580 3008 lone.
1602 2956 1675 3008 H.

1529 3039 1620 3104 96.
1666 3037 1951 3089 Lacetanos.
1982 3037 2065 3087 De
2089 3034 2173 3086 his
2196 3032 2399 3104 egimus
2420 3033 2475 3084 in

1445 3128 1572 3169 nota
1595 3116 1871 3187 superiore
1903 3122 1990 3180 42.
2026 3115 2209 3167 Hum.

1530 3214 1624 3266 97.
1664 3195 1938 3248 Lube'emes.
1995 3196 2074 3248 De
2125 3192 2479 3246 Lubiensibus

1447 3275 1584 3328 nihil
1597 3275 1775 3329 adhuc
1794 3288 2130 3347 compertum
2148 3313 2163 3339 ,
2184 3273 2286 3326 nisi
2300 3273 2340 3326 ii
2357 3284 2481 3326 sunt

1447 3355 1540 3426 qui
1583 3355 1865 3408 Levienses
1887 3368 2141 3425 corrupte
2170 3353 2346 3407 forsan
2374 3372 2480 3406 no·

1447 3433 1722 3487 minantur
1736 3476 1750 3496 ‚
1782 3453 1906 3488 cum
1948 3434 2388 3489 Cascantensibus
2426 3449 2481 3488 et

1448 3514 1832 3585 calaguritanis
1908 3516 2116 3568 roxime
2160 3514 2265 3566 hoc
2306 3526 2483 3568 tractu

1445 3595 1723 3667 appellatis
1736 3637 1751 3663 ,
1770 3595 1827 3648 in
1850 3535 2074 3649 dpecretis
2096 3593 2287 3647 Hilarii
2308 3595 2482 3667 Papa,

1448 3693 1568 3747 pag.
1604 3675 1731 3729 252.
1760 3677 1904 3729 Male
1944 3676 2249 3746 Dalecamp.
2280 3686 2333 3727 et
2360 3675 2475 3728 Elz.

1451 3755 1508 3806 V
1503 3755 1726 3821 ibienses,
1746 3756 1981 3810 Chifflet.
2010 3753 2282 3820 Subinates,
2307 3755 2480 3826 legere

1451 3837 1667 3901 volunt,
1692 3837 1930 3906 neglecto
1977 3835 2361 3889 elementorum
2390 3853 2479 3886 or-

1443 3914 1587 3968 dine.
1613 3917 1795 3970 Hmn.
1822 3930 1875 3970 et
1906 3919 2009 3971 En.

1527 3999 1622 4066 98.
1676 3998 2085 4068 Pompelonenses.
2136 3997 2214 4048 Ita
2260 3995 2477 4048 Gruteri

1447 4095 1658 4147 quoque
1678 4077 1971 4149 inscriptio,
1988 4095 2105 4148 pag.
2130 4075 2239 4128 325
2266 4088 2318 4127 et
2345 4075 2477 4138 455.

1447 4156 1624 4210 Hodie
1664 4157 1960 4226 Pamplona,
1985 4155 2153 4211 Gallis
2183 4157 2477 4226 Pampelunc

1449 4250 1687 4290 vocatur.
1719 4239 1819 4289 En.

1529 4336 1622 4386 99.
1659 4317 1923 4388 Segienses.
1947 4315 2219 4388 Segienses
2235 4357 2250 4386 ,
2271 4317 2355 4370 vel
2382 4315 2478 4370 Se-
