3300 5175
913 569 1063 644 328

1448 571 1524 639 C.
1583 568 1923 639 PLINII
1978 570 2194 637 NAT.
2254 572 2527 640 HIST.

909 728 985 772 vl
1031 724 1111 775 Μ.
1143 686 1462 771 circuitu³
1463 685 1747 797 ‘patere
1785 700 2087 769 traditur.
2140 702 2245 770 Ab
2279 701 2419 772 aliis
2476 724 2567 770 xr
2610 722 2767 769 xxv
2776 686 2831 739 ³⁷
2874 724 2951 769 n.
2994 704 3077 771 Ab

911 810 1084 878 ostio
1108 792 1290 903 ejus³
1322 861 1342 894 ‚
1295 792 1460 876 ⁸ad
1484 808 1726 876 Tanais
1756 807 1997 876 ostium
2013 792 2336 878 ³⁹directo
2364 834 2585 879 cursu
2632 800 3074 878 cccnxxxv⁴⁰

909 940 990 985 Μ.
1028 939 1194 1009 pass.
1242 938 1382 983 csse
1422 928 1702 983 constat.
1748 912 2008 983 Accolae
2044 915 2223 984 sinus

910 1022 1027 1091 ciae
1055 1021 1214 1091 dicti
1257 1007 2209 1159 sunt⁴²1stropolimp⁴sque⁴.

1015 1130 1116 1197 Οι
1117 1142 1222 1197 tus
1255 1128 1366 1197 hic
1412 1129 1481 1195 in
1525 1128 1902 1197 Germaniae

2238 902 2287 947 ⁴¹
2301 969 2321 1002 ‚
2359 918 2425 984 in
2462 914 2853 983 mentione
2892 914 3073 984 Thra-

2168 1007 2421 1091 ³.Inde
2451 1023 2651 1091 ostia
2686 1022 2878 1089 Istri.

1999 1150 2175 1221 Jugls
2210 1130 2455 1197 montis
2512 1113 2921 1197 Abnobae⁴⁵
2942 1179 2959 1213 ,
2998 1153 3063 1197 ex

906 1234 1186 1304 adverso
1223 1218 1565 1304 Raurici⁴⁶
1607 1231 1839 1303 Galliae
1875 1232 2145 1328 oppidi,
2172 1232 2395 1304 multis
2419 1233 2613 1303 ultra
2644 1232 2865 1328 Alpes
2896 1234 3061 1302 milli·

905 1340 1065 1429 bus,
1109 1364 1189 1410 ac
1230 1366 1352 1435 per
1393 1342 1773 1410 innumeras
1816 1338 2038 1434 lapsus
2101 1354 2328 1435 gentes
2383 1340 2711 1409 Danubii
2771 1343 3056 1423 nomine,

905 1449 1229 1515 immenso
1256 1470 1578 1540 aquarum
1600 1459 1824 1533 auctu,
1848 1460 1917 1514 et
1941 1446 2117 1515 unde
2151 1448 2440 1541 primum
2465 1445 2843 1541 Illyricum
2872 1445 3057 1531 alluit,

907 1556 1078 1623 Ister
1114 1552 1483 1649 appellatus
1497 1541 1547 1594 ⁴⁷
1565 1607 1584 1642 ,
1613 1554 1955 1648 sexaginta
1979 1552 2287 1623 amnibus
2312 1554 2612 1649 receptis
2628 1606 2651 1641 ,
2682 1552 2909 1622 medio
2934 1552 3045 1621 fer-

985 1734 1074 1787 36.
1093 1722 1218 1783 373⁷
1241 1733 1413 1787 VIM.
1435 1735 1653 1786 emita.
1676 1732 1791 1787 11oe
1810 1746 1917 1800 est,
1958 1793 1963 1802 ,

901 1826 1088 1885 quater
1129 1824 1184 1867 et
1222 1813 1396 1867 decies
1439 1826 1657 1866 centena
1676 1851 1693 1878 ,
1734 1829 1796 1866 ac
1830 1832 1918 1867 sex

901 1910 1150 1963 passuum
1195 1892 1361 1946 millia
1411 1911 1602 1955 cursu,
1651 1898 1812 1965 quem
1860 1892 1917 1945 in

900 1972 1182 2025 circuitum
1217 1973 1329 2026 fere
1359 1974 1491 2043 agit,
1527 1972 1917 2043 complectitur.

902 2053 1084 2105 Hann.

985 2129 1078 2201 37.
1103 2130 1184 2182 Ab
1213 2131 1324 2187 alii-5
1351 2121 1446 2185 ΛῨῘ.
1468 2134 1625 2183 XXV.
1662 2132 1780 2184 Hoc
1806 2145 1916 2199 est,

902 2208 1151 2263 undecies
1167 2224 1386 2266 centena
1399 2250 1416 2279 ‚
1437 2230 1542 2265 xxv
1565 2210 1751 2263 millia.
1777 2210 1917 2264 Stra·

900 2291 1003 2355 bo,
1033 2290 1125 2344 lib.
1155 2293 1287 2352 vn,
1321 2311 1448 2369 pag.
1483 2292 1622 2361 310,
1648 2290 1918 2343 Maeotidis

901 2371 1158 2424 ambitum
1191 2370 1264 2424 ait
1293 2370 1582 2442 complecti
1612 2370 1778 2423 millia
1811 2384 1915 2424 sta·

900 2448 1114 2503 diorum
1145 2463 1304 2507 octo:
1328 2450 1434 2507 hoc
1465 2464 1572 2517 est,
1598 2450 1768 2503 decies
1790 2469 1915 2505 cen·

903 2541 1020 2581 tene
1044 2529 1212 2584 millia
1234 2549 1368 2601 pass.
1399 2531 1585 2583 Han.

984 2609 1076 2664 38.
1115 2610 1200 2661 Ab
1228 2615 1349 2664 ostio
1373 2612 1494 2682 ejus.
1517 2607 1784 2664 Maeotidis
1819 2629 1916 2680 pn-

897 2685 1054 2742 ludis.
1082 2689 1263 2742 Haun.

985 2769 1075 2837 39.
1103 2769 1311 2821 Ostium.
1335 2769 1458 2824 Vet.
1487 2786 1570 2839 ap.
1593 2768 1773 2820 Dalec.
1795 2787 1914 2838 por-

901 2847 1472 2991 tumjossgbCLXXXV.
1507 2925 1879 2999 Dalecampius
1894 2963 1912 2992 ‚

901 3009 1217 3061 CCCLXXV.
1241 3005 1348 3060 En.

981 3096 1074 3153 41.
1106 3087 1304 3139 Accoloe
1329 3087 1475 3139 sinus.
1509 3085 1688 3138 Dalec.
1715 3085 1915 3140 Accola

896 3171 1030 3220 sinus
1051 3170 1169 3237 ejus.
1195 3167 1298 3218 En.

981 3252 1072 3311 42.
1122 3246 1182 3298 In
1232 3249 1463 3298 mentione
1519 3244 1745 3296 Thracia:
1793 3246 1917 3298 dicu·

897 3337 1025 3381 sunt.
1064 3325 1196 3396 Cap.
1232 3328 1320 3381 18.
1352 3323 1536 3378 Hum.

979 3405 1071 3468 43.
1114 3405 1391 3476 Istropolt'n.
1423 3403 1729 3474 Istropolis,
1767 3421 1911 3459 nunc

895 3485 1316 3547 Kato-Kerman5
1353 3482 1410 3537 id
1437 3495 1547 3549 est,
1577 3484 1793 3556 nigrum
1823 3503 1911 3539 ca-

893 3578 1080 3620 strum.
1109 3565 1280 3616 Bao-r.

974 3650 1067 3708 44.
1109 3644 1171 3697 In
1201 3643 1492 3696 Germania.
1521 3639 1635 3695 ΜΒ.
1675 3644 1803 3714 Reg.
1844 3663 1907 3710 1,

890 3728 942 3776 in
981 3723 1265 3778 Germania.
1305 3725 1386 3776 De
1418 3735 1597 3778 monte
1641 3722 1906 3789 Abnoba,

886 3822 1032 3857 nuno
1056 3801 1533 3866 Schwartz-Wald‚
1563 3801 1648 3854 vel
1672 3801 1721 3852 la
1754 3801 1907 3854 For-et

885 3887 1046 3947 noire,
1075 3895 1290 3954 totaque
1321 3881 1604 3935 Germania
1627 3881 1741 3933 fuse
1768 3879 1905 3934 dixi·

885 3982 1002 4016 mus
1027 3963 1094 4016 ad
1121 3963 1368 4017 Tacitum
1396 3958 1464 4013 de
1491 3958 1735 4013 Moribus
1762 3960 1900 4015 Ger-

883 4061 1024 4102 man.
1051 4043 1154 4096 En.

965 4123 1060 4187 45.
1099 4122 1284 4175 Montis
1313 4119 1550 4175 Abnoba.
1589 4119 1759 4173 Tacit.
1800 4119 1899 4176 lib.

881 4199 948 4254 de
989 4200 1184 4258 morib.
1227 4200 1480 4256 German.
1521 4218 1682 4270 quem
1721 4199 1846 4254 vide
1876 4219 1891 4254 ε

2023 1747 2049 1777 ⁸
2061 1733 2339 1787 Danubius
2350 1734 2505 1787 molli
2524 1746 2585 1787 et
2607 1734 2907 1788 clementer
2925 1730 3045 1787 edito

2016 1814 2213 1867 montis
2235 1815 2477 1867 Abnobae
2497 1816 2649 1885 jugo
2674 1814 2903 1880 effusus,
2925 1826 3038 1867 etc.-

2016 1904 2071 1944 et
2090 1892 2273 1946 Festus
2293 1894 2465 1947 Rufus
2486 1894 2754 1947 Avienus
2771 1894 3039 1958 confirmat,

2016 1972 2073 2023 in
2102 1972 2367 2044 Descript.
2398 1973 2584 2040 orbis,
2614 1991 2673 2026 v.
2718 1973 2872 2043 437:
2906 2000 2927 2020 ι
2948 1974 3037 2025 Ab·

2014 2051 2160 2104 noba
2198 2070 2354 2106 mons
2386 2054 2526 2105 Istro
2560 2065 2733 2124 pater
2764 2066 2845 2106 est
2874 2069 2889 2104 ε
2921 2050 3037 2105 cadit

2018 2130 2261 2185 Abnoba
2297 2133 2449 2186 hiatu
2494 2132 2741 2185 Flumen
2772 2151 2787 2184 ε
2826 2133 2881 2185 in
2918 2132 3030 2184 Eoos

2015 2223 2192 2262 autem
2206 2212 2539 2264 convertitur
2560 2230 2722 2277 axes,
2744 2211 3031 2281 Euxinoque

2015 2286 2126 2341 salo
2150 2292 2488 2361 provolvitur
2523 2308 2540 2343 τ
2592 2310 2696 2344 ora
2736 2310 2837 2362 per
2874 2308 3025 2361 equor

2012 2368 2263 2439 Quinque
2278 2382 2506 2422 vomunt
2524 2388 2806 2424 amnem.»
2831 2369 3023 2422 Ptolem.

2012 2447 2108 2499 lib.
2151 2450 2241 2514 11,
2282 2468 2396 2520 cap.
2447 2468 2553 2515 11,
2590 2450 2663 2503 τὰ
2714 2447 2906 2503 Αὕνοὸα
2941 2451 3021 2519 ὄρη.

2015 2526 2289 2581 Mar-clano
2342 2530 2683 2584 Heracleotae
2705 2569 2722 2597 ,
2768 2548 2886 2601 pag.
2930 2531 3016 2592 82,

2010 2621 2264 2679 corrupte
2308 2609 2612 2663 admodum
2662 2603 2890 2670 Ᾰὸοὑλας
2940 2627 3017 2660 uo·

2011 2687 2261 2740 minatur.
2293 2687 2471 2742 Hmn.
2496 2703 2552 2743 et
2576 2691 2690 2742 En.

2096 2770 2193 2829 46·
2232 2767 2446 2820 Raurici.
2476 2768 2588 2821 vel
2618 2767 2850 2822 Rauraci
2878 2787 2889 2818 :
2924 2785 3010 2837 quo

1976 2845 1983 2855 '
2012 2845 2167 2898 etiam
2204 2846 2369 2900 modo
2403 2848 2737 2913 Massiliam,
2766 2862 2817 2902 et
2847 2847 3007 2899 Massa-

2010 2923 2140 2976 liam
2180 2923 2425 2980 dicimus.
2457 2930 2701 2998 Agemus
2741 2925 2811 2980 de
2844 2945 2903 2978 eo
2928 2943 3003 2994 op·

2011 3002 2143 3075 pido
2160 3046 2175 3071 ‚
2207 3024 2325 3076 cap.
2353 3005 2447 3060 31.
2470 3007 2612 3062 Inde
2636 3005 2861 3060 Rauraci
2884 3023 3004 3056 mon·

2013 3095 2090 3136 tes
2110 3118 2126 3147 ,
2157 3084 2302 3160 apud
2333 3086 2605 3140 Ammian.
2634 3088 2732 3140 lib.
2760 3083 2935 3148 XXII,
2957 3103 2997 3154 p.

2017 3181 2126 3237 ²¹7
2152 3182 2165 3216 :
2202 3187 2224 3208 α
2242 3165 2433 3218 Amnis
2458 3185 2592 3220 vero
2617 3165 2911 3228 Danubius,
2939 3163 3001 3214 in·

2010 3243 2129 3314 quit
2140 3282 2156 3307 ,
2174 3244 2349 3298 oriens
2370 3264 2541 3317 prope
2554 3249 2819 3300 Rauracos
2832 3255 2995 3296 montes

2010 3323 2249 3379 confines
2268 3325 2531 3379 limitibus
2548 3325 2815 3390 Rbaeticis,
2833 3341 2919 3395 per
2940 3323 2995 3373 la·

2008 3402 2201 3456 tiorem
2228 3405 2417 3457 orbem
2443 3419 2763 3477 protentus,
2792 3422 2849 3456 ac
2873 3419 2989 3455 sexa·

2008 3481 2154 3552 ginta
2198 3484 2521 3554 navigabiles
2570 3504 2725 3558 pene
2764 3482 2985 3554 recipiens

2006 3561 2202 3616 fluvios
2209 3577 2439 3635 ‚septem
2446 3565 2593 3620 ostiis
2606 3585 2705 3660 per
2718 3561 2986 3636 Scythicum

2006 3641 2165 3695 Ponti
2190 3643 2324 3696 latus
2348 3647 2587 3718 erumpit
2612 3646 2671 3698 in
2699 3661 2887 3697 mare-
2870 3637 2983 3690 -So·

2004 3722 2175 3786 linus,
2214 3741 2329 3794 cap.
2372 3741 2511 3791 1111,
2544 3745 2666 3800 pag.
2698 3723 2805 3777 33·
2843 3721 2981 3770 «Ister

2004 3802 2333 3856 Germanicis
2380 3805 2519 3876 jugis
2570 3807 2769 3869 oritur,
2820 3799 2978 3853 effusa!

2002 3894 2185 3938 moute
2208 3883 2303 3955 qui
2332 3885 2605 3939 Rauracos
2626 3883 2805 3940 Galliae
2824 3877 2975 3947 adspe-

2002 3973 2124 4016 ctat.
2168 3963 2347 4016 Hm.
2379 3997 2458 4006 —-
2489 3966 2555 4018 In
2590 3976 2693 4020 vet.
2730 3959 2861 4034 apud
2892 3959 2975 4009 Di·

1998 4041 2219 4114 lecamp.
2243 4041 2439 4096 Saue-ici
2458 4061 2734 4117 perperam
2754 4058 2845 4112 pro
2862 4038 2967 4088 Bw·

2001 4124 2091 4174 rici
2117 4122 2324 4194 legitur.
2357 4123 2461 4177 En.

2081 4209 2168 4273 47.
2216 4205 2339 4255 Ister·
2368 4205 2649 4276 appellatus.
2690 4197 2961 4272 Agathone·
