3300 5175
97 4083 106 4158 ’ῑ

99 4215 104 4228 ⁴

87 4237 106 4527 ——Q—-u-z

854 536 952 581 ω
1383 516 1457 583 c,
1517 470 1865 584 PLINII
1920 516 2143 583 NAT.
2203 514 2461 581 ffls‘r.

849 644 1157 713 Succubo
1171 629 1246 729 ⁶⁴,
1286 630 1790 733 Nuditanum⁶⁵‚
1826 630 2087 715 Tuati⁶⁶
2140 660 2359 729 vetus3
2397 627 2683 711 omnia⁶⁷
2716 644 2992 713 Bastita-

773 781 806 831 6
849 752 1333 846 niae-vergentis
1365 750 1450 819 ad
1485 776 1699 840 mare,
1734 766 2102 821 conventus
2142 776 2304 820 vero
2332 749 2805 821 Cordubensis.
2836 752 2991 819 Cir-

849 842 992 926 ca⁶⁸
1035 856 1286 927 flumen
1327 859 1580 953 ipsum,
1619 844 1932 954 Ossigi⁶⁹‚
1962 858 2143 954 quod
2175 857 2684 953 cognominatur
2710 858 2989 925 Laconi·

841 1070 942 1123 lib.
978 1070 1060 1135 11,
1087 1088 1207 1141 pag.
1242 1076 1294 1134 4.
1323 1059 1540 1123 ἑσκουαιν
1565 1083 1746 1136 vocat,
1776 1072 1877 1124 ho-

847 1149 936 1203 die
975 1151 1153 1203 Tmelo
1191 1150 1298 1203 sive
1338 1151 1524 1203 Eruelo
1562 1150 1783 1204 Pinetus
1823 1163 1877 1204 et

848 1229 1126 1284 Girolamo
1144 1230 1374 1285 Ruscelli
1393 1248 1502 1283 esse
1519 1228 1872 1284 contendunt:

848 1308 984 1362 mihi
1008 1308 1113 1363 hoc
1138 1328 1336 1362 nomen
1367 1310 1564 1363 frustra
1589 1311 1646 1363 in
1672 1311 1879 1383 mappis

849 1388 1146 1460 requirenti
1177 1390 1412 1442 occurrit
1433 1390 1693 1455 Est-azar,
1724 1391 1879 1462 quin-

851 1487 958 1540 que
985 1486 1012 1519 a
1043 1467 1283 1522 Granada
1315 1468 1509 1535 leucis,
1542 1468 1877 1523 occidentem

850 1549 990 1601 inter
1033 1561 1086 1600 et
1128 1546 1438 1613 meridiem,
1477 1568 1644 1621 quam
1688 1550 1877 1603 urbem

749 1683 759 1693 .
851 1628 985 1680 mira
1003 1626 1236 1682 nominis
1250 1627 1602 1682 similitudine
1621 1630 1878 1701 abreptus

849 1706 1014 1760 Plinii
1032 1707 1260 1761 Escuam
1273 1725 1383 1761 esse
1400 1707 1628 1762 libenter
1641 1708 1876 1776 credam,

851 1790 946 1840 etsi
973 1786 1240 1840 affirmare
1265 1805 1376 1839 non
1400 1786 1588 1841 audeo.
1610 1788 1715 1841 En.

931 1870 1024 1931 64.
1050 1866 1294 1931 succubo,
1316 1886 1436 1938 quae
1464 1867 1640 1920 Hirtio
1657 1907 1674 1934 ‚
1692 1868 1787 1922 lib.
1809 1868 1878 1921 de

850 1947 994 2000 bello
1020 1946 1174 2018 Hisp.
1201 1964 1321 2018 pag.
1354 1946 1488 2012 254,
1514 1947 1691 2000 Ucubi-5
1720 1966 1878 2001 voca·

851 2039 941 2079 tur
956 2044 1130 2098 prope
1151 2028 1448 2097 Atteguam.
1468 2026 1804 2097 Capitolinus
1821 2027 1877 2081 in

851 2107 929 2159 Μ.
958 2106 1233 2159 Antonino
1258 2123 1381 2177 pag.
1412 2125 1478 2159 22
1496 2145 1512 2171 ,
1538 2106 1877 2161 Succubitani

851 2185 1128 2256 municipii
1169 2186 1439 2251 meminit,
1473 2185 1624 2258 quod
1656 2187 1879 2258 impera·

852 2267 984 2319 toris
1007 2266 1087 2318 M.
1111 2265 1369 2321 Antonini
1391 2284 1622 2336 proavus
1650 2266 1876 2338 patriam

851 2345 1054 2399 habuit.
1093 2346 1210 2398 Hoc
1246 2346 1436 2399 Ambr.
1471 2346 1702 2401 Morales
1733 2366 1877 2401 nuno

853 2444 962 2477 esse
1000 2423 1164 2476 Sierra
1197 2425 1249 2476 la
1274 2425 1448 2478 Ronda
1466 2464 1481 2490 ,
1507 2426 1723 2479 Pinetus
1747 2445 1876 2479 vero

854 2503 1105 2576 Seoponda
1135 2522 1246 2557 esse
1271 2506 1474 2559 volunt.
1503 2507 1632 2559 Haeo
1656 2505 1877 2559 nomina

853 2585 911 2637 in
942 2584 1148 2657 mappis
1183 2604 1294 2638 non
1327 2584 1531 2658 reperi,
1570 2586 1676 2639 nisi
1710 2584 1876 2638 Sierm

856 2666 906 2716 la
933 2665 1106 2716 Ronda
1139 2665 1207 2717 sit
1233 2665 1307 2716 La
1329 2665 1500 2731 Roda,
1521 2678 1643 2719 octo
1679 2666 1871 2726 leucis,

856 2757 948 2798 aut
971 2743 1178 2809 Bomio,
1202 2763 1310 2797 una
1339 2751 1392 2799 bt
1410 2745 1596 2817 viginti
1617 2744 1781 2798 leucis
1805 2747 1873 2798 ab

857 2825 1026 2894 Ecija,
1040 2823 1323 2877 meridiem
1350 2843 1550 2878 versus.
1565 2825 1662 2878 Hae
1690 2837 1875 2878 autem

853 2905 1015 2957 urbes
1069 2903 1208 2956 mihi
1250 2904 1532 2976 Astigitani
1583 2917 1876 2958 conventus

853 2984 1013 3036 fuisse
1060 2981 1345 3050 videntur;
1384 2983 1631 3036 Succubo
1666 2997 1873 3044 autem,

854 3075 916 3115 ut
949 3082 1075 3116 mox
1109 3062 1252 3116 dicet
1275 3063 1498 3128 Noster,
1515 3062 1879 3118 Cordubensis

853 3143 977 3198 fuit.
1007 3143 1121 3214 Ego
1147 3161 1276 3195 vero
1297 3143 1402 3196 hoe
1423 3141 1692 3214 oppidum
1722 3156 1774 3196 et
1798 3162 1877 3196 se-

855 3223 1072 3293 quentia
1093 3222 1393 3276 Nuditanum
1417 3221 1616 3276 scilicet
1645 3235 1699 3276 et
1728 3223 1879 3276 Tuau‘

853 3313 1026 3365 vetus,
1057 3320 1174 3373 quae
1201 3303 1401 3374 pariter
1420 3303 1764 3375 ignorantur,
1792 3303 1876 3355 in·

853 3394 936 3434 ter
967 3383 1192 3436 Escuzar
1227 3395 1280 3435 et
1312 3383 1577 3436 internum
1605 3401 1753 3436 mare
1778 3384 1877 3436 sita

853 3461 1010 3514 fuisse
1039 3473 1188 3532 puto·
1216 3463 1319 3515 En.

937 3540 1030 3596 65.
1051 3540 1370 3596 Nude'tunum.
1385 3539 1539 3594 MSS.
1560 3541 1872 3594 Unditanum.

853 3621 1160 3691 Utrumque
1188 3621 1483 3693 ignoratur,
1509 3635 1570 3674 ut
1598 3620 1762 3675 modo
1792 3619 1876 3674 di-

852 3703 1044 3754 ximus.
1069 3701 1172 3753 En.

935 3785 1029 3836 66.
1063 3779 1230 3832 Tauri.
1269 3781 1352 3833 Ita
1380 3779 1534 3836 MSS.
1561 3799 1779 3846 omnes,
1811 3781 1876 3833 li·

851 3862 1050 3933 brique
1080 3859 1212 3913 editi
1239 3872 1361 3914 ante
1397 3861 1752 3917 Frobenium.
1781 3861 1875 3933 qui

861 3943 1010 3994 Tucci
1035 3954 1176 3993 vetus
1202 3940 1438 4011 reposuit
1454 3979 1470 4008 ,
1504 3941 1560 3992 in
1587 3941 1725 3993 hanc
1747 3958 1875 3993 con-

848 4023 1105 4090 jecturam
1135 4019 1388 4073 inductus
1410 4020 1628 4072 nomine
1656 4021 1876 4074 coloniae

861 4101 1040 4166 Tucci,
1069 4105 1314 4172 Augustas
1328 4099 1580 4153 Gemelloe
1602 4101 1875 4171 cognomi·

849 4193 984 4235 natae
997 4215 1014 4246 ,
1035 4179 1103 4234 de
1125 4199 1230 4252 qua
1253 4181 1417 4252 paulo
1437 4179 1664 4234 inferius
1685 4180 1875 4234 Noster

1966 1090 2088 1143 pag.
2132 1090 2224 1141 ²7·
2268 1070 2563 1141 Utriusque
2617 1068 2749 1122 situs
2788 1068 2991 1139 ignora·

1967 1164 2075 1205 tur.
2106 1152 2210 1203 En.

2046 1234 2141 1301 67.
2183 1230 2367 1284 Omnia
2411 1228 2705 1281 Bastitane‘oe
2744 1232 2991 1297 vergentis

1965 1310 2036 1363 ad
2053 1330 2184 1362 mare
2196 1348 2213 1377 ,
2230 1321 2485 1362 conventus
2509 1328 2627 1360 vero
2647 1308 2987 1369 Cordubensis,

1967 1396 2125 1455 circa,
2158 1403 2256 1443 etc.
2286 1390 2463 1442 Daleo.
2498 1401 2553 1441 et
2584 1388 2700 1441 Elz.
2735 1388 2793 1439 V
2784 1390 2991 1457 ergenec‘s

1966 1471 2038 1522 ad
2077 1490 2225 1524 mare.
2263 1468 2532 1521 Conventus
2564 1488 2683 1520 vet-o
2712 1467 2990 1520 Corduben-

1965 1556 2053 1615 sis,
2074 1554 2220 1615 cir-ca,
2242 1560 2342 1601 etc.
2366 1548 2479 1601 Nos
2498 1566 2627 1601 vero
2648 1546 2991 1601 Harduinum

1966 1631 2116 1702 sequi
2154 1628 2471 1695 maluimus;
2502 1646 2627 1681 nam
2654 1628 2699 1680 si
2734 1625 2991 1680 recensita

1965 1710 2221 1763 hactenus
2250 1706 2450 1779 oppida
2472 1720 2768 1761 conventus
2778 1704 2991 1760 Cordu-

1964 1790 2143 1843 bensis
2161 1808 2271 1842 non
2299 1788 2518 1841 fuerunt
2532 1826 2547 1851 ‚
2570 1785 2988 1858 Carthaginiensi

1964 1866 2312 1922 adscribenda
2368 1880 2559 1932 erunt3
2616 1866 2991 1937 Carthaginem
3086 1904 3095 1911 .

1966 1949 2129 2012 enim,
2144 1961 2205 2001 ut
2230 1944 2393 2000 modo
2413 1946 2555 2000 dicet
2573 1946 2784 2011 Noster,
2802 1962 2995 1999 conve·

1967 2028 2186 2082 niebnnt
2215 2027 2467 2098 Bastitani
2483 2066 2499 2089 ‚
2522 2026 2597 2077 sie
2622 2044 2687 2077 ex
2720 2026 2858 2079 urbe
2885 2026 2991 2079 Ba·

1966 2108 2028 2161 sti
2049 2144 2065 2169 ‚
2096 2106 2257 2160 hodie
2281 2108 2456 2171 Baza,
2476 2104 2625 2158 dicti.
2668 2104 2773 2158 Hic
2812 2119 2989 2159 autem

1965 2186 2164 2240 indicat
2189 2187 2393 2239 Plinius
2418 2184 2597 2238 omnia
2617 2184 2733 2237 haee
2758 2184 2990 2257 oppida,

1966 2266 2206 2337 quamvis
2228 2266 2526 2318 Bastitaniae
2544 2263 2809 2337 adscripta
2822 2305 2839 2331 ‚
2860 2266 2996 2319 Cor·

1964 2344 2233 2399 dubensis·
2258 2356 2437 2397 tamen
2472 2357 2768 2398 conventus
2811 2345 2986 2409 fuisse,

1950 2426 2076 2497 ⁴aive
2094 2423 2399 2479 Cordubam
2420 2424 2744 2479 convenisse.
2765 2426 2867 2479 En.

2047 2508 2141 2559 68.
2194 2505 2339 2558 Circa
2375 2506 2565 2577 flumen
2607 2507 2780 2575 ipsum.
2831 2505 2991 2561 Circa

1965 2585 2167 2639 Baetim.
2211 2586 2317 2639 En.

2046 2670 2139 2734 69.
2157 2665 2351 2734 Ossigi,
2365 2666 2497 2738 quod
2508 2670 2876 2736 cognominatur
2892 2667 2991 2718 La-

1965 2750 2197 2799 conicum.
2211 2747 2275 2798 In
2294 2745 2549 2818 Hispania
2568 2747 2858 2800 Laconioos
2871 2765 2989 2799 mo·

1962 2843 2049 2878 res
2079 2837 2132 2878 et
2161 2825 2400 2879 instituta
2430 2824 2673 2878 floruisse
2699 2839 2889 2879 auctor
2912 2840 2991 2879 est

1966 2905 2185 2969 Strabo,-
2215 2905 2309 2959 lib.
2346 2905 2460 2969 111,
2495 2923 2615 2976 pag.
2673 2905 2815 2968 154,
2862 2904 2991 2958 inde

1966 2985 2058 3038 illa
2091 2986 2312 3037 fortasse
2350 2986 2667 3056 cognomina
2696 2987 2989 3040 Laconicum

1967 3077 2021 3118 et
2056 3065 2399 3134 Lucanam-ga·
2412 3097 2428 3124 ‚
2452 3083 2585 3136 ¹quae
2622 3083 2769 3118 nuno
2798 3083 2989 3118 oecur-

1965 3156 2107 3198 runt.
2134 3145 2200 3197 In
2225 3143 2374 3197 MSS.
2404 3155 2583 3196 tamen
2611 3144 2717 3197 hoe
2744 3145 2867 3198 loco
2892 3147 2991 3198 La-

1966 3227 2146 3276 tonium
2180 3223 2457 3288 scribitur;
2492 3223 2675 3278 chiffl.
2706 3226 2987 3280 Lac-onium.

1964 3304 2310 3358 Castulonem
2352 3303 2491 3356 inter
2531 3316 2585 3356 et
2624 3303 2855 3375 Illitnrgi
2890 3305 2989 3358 sita

1963 3385 2121 3437 fuisse
2134 3385 2185 3438 Μ
2194 3395 2416 3436 annerto
2424 3381 2653 3445 videtur,
2668 3383 2818 3437 haud
2832 3385 2989 3456 longe

1962 3464 2030 3516 ab
2056 3463 2221 3516 Ubeda
2232 3483 2253 3525 ,·
2268 3461 2359 3515 sed
2375 3481 2540 3534 quum
2556 3463 2773 3517 Castulo
2790 3483 2900 3516 non
2923 3465 2991 3517 sit

1970 3543 2207 3608 Cazorla,
2246 3554 2307 3595 ut
2334 3543 2646 3596 Mannertus
2682 3556 2870 3613 putat,
2896 3542 2991 3597 sed

1970 3621 2190 3675 Cazlona
2205 3661 2220 3688 ,
2247 3634 2309 3675 ut
2326 3622 2400 3675 ait
2422 3621 2758 3688 D’Anvunn,
2782 3622 2853 3676 ad
2874 3625 2988 3677 13ae-

1960 3703 2060 3754 tim
2077 3740 2091 3760 ,
2121 3722 2229 3774 quo
2264 3702 2383 3756 loco
2418 3721 2629 3756 amnem
2664 3702 2992 3757 Gnadale‘mar

1962 3782 2185 3853 recipit,
2220 3781 2369 3834 hune
2398 3782 2579 3835 locum
2616 3782 2755 3836 inter
2785 3797 2837 3836 et
2876 3783 2989 3835 Illi-

1962 3862 2132 3932 turgi‚
2156 3860 2302 3933 quod
2320 3881 2387 3914 xx
2420 3879 2483 3914 nr.
2502 3879 2638 3933 pass.
2662 3863 2989 3917 aCastulone

1964 3939 2275 3994 Cordubam
2287 3960 2470 3995 versus
2488 3940 2732 3995 dissitum
2746 3943 2991 3995 novimus

1965 4039 2029 4074 ex
2050 4021 2303 4074 Antonini
2356 4021 2670 4088 Itinerario,
2719 4022 2991 4093 requiren-

1963 4099 2097 4152 dum
2127 4112 2206 4153 est
2228 4101 2393 4170 Ossigi
2408 4139 2425 4165 ‚
2443 4099 2592 4153 haud
2614 4103 2771 4172 longe
2794 4102 2863 4155 ab
2890 4119 2990 4174 op·

1962 4179 2093 4251 pido
2114 4178 2277 4234 hodie
2310 4181 2513 4252 Espelui
2537 4179 2700 4236 dicto.
2726 4181 2829 4234 En.
