3300 5175
1212 521 1531 590 LIBER
1584 523 1732 591 111.
2431 543 2530 622 97

394 642 686 728 58ῐὶιιί45
700 707 721 740 ,
776 654 1065 749 Signini,
1120 653 1497 724 Suessulani
1518 705 1537 738 ,
1593 652 1806 722 Telini
1833 639 1920 738 ⁴⁶,
1987 653 2380 744 Trebulani,
2434 683 2537 728 co-

398 765 708 894 gnomine
735 747 783 800 ⁴⁷
850 759 1281 844 Balinienses,
1336 746 1703 829 Trebani⁴⁸
1725 810 1745 843 ‚
1799 759 2154 830 Tusculani
2178 750 2259 847 49,
2314 765 2533 848 Veru-

397 856 592 939 lani⁵⁰
596 923 615 956 ,
677 852 1065 937 Veliterni⁵¹
1090 852 1635 946 ,Ulubrenses⁵²
1652 920 1673 953 ,
1731 861 2125 936 Ulvernates
2145 854 2241 936 ⁵³:
2304 895 2536 964 super-

400 1001 531 1070 que
575 977 797 1044 Roma
838 976 1017 1069 ipsa,
1064 959 1289 1067 cujus⁵
1294 961 1601 1042 “nomen
1657 971 1935 1042 alterum
1983 973 2237 1063 dicere,
2279 980 2535 1048 arcanis

396 1083 923 1169 caerimoniarum
982 1079 1169 1150 nefas
1204 1079 1524 1166 habetur,
1570 1081 1957 1175 optimaque
1990 1095 2058 1150 et
2099 1080 2366 1212 salutasri
2403 1083 2536 1154 fide

398 1186 717 1257 abolitum
773 1187 1152 1257 enunciavit
1208 1186 1513 1256 Valerius
1569 1190 1864 1256 Soranus
1897 1240 1916 1273 ‚
1999 1173 2320 1280 luitque⁵⁵
2376 1216 2534 1260 mox

400 1319 645 1389 poenas.
670 1294 829 1363 Non
860 1292 1147 1362 alienum
1184 1292 1498 1362 videtur
1483 1317 1772 1362 inserere
1809 1291 1940 1362 hoc
1976 1292 2124 1362 loco
2157 1294 2534 1389 exemplum
2576 1332 2640 1368 η

400 1489 583 1542 lemaeo
614 1488 669 1540 in
708 1488 887 1548 Latio,
925 1486 1020 1538 lib.
1060 1485 1177 1550 111,
1213 1503 1333 1556 cap.
1372 1504 1425 1538 1.

400 1569 715 1622 Privernum
754 1565 1021 1637 oppidum
1063 1564 1321 1618 Frontino
1354 1563 1431 1617 di·

401 1660 543 1701 ctum
562 1687 577 1709 ,
600 1667 659 1720 p.
676 1646 971 1700 125.Nunc
985 1646 1197 1714 Piper-no
1210 1645 1423 1708 vecchio,

400 1725 467 1780 ad
496 1725 815 1780 Amasenum
852 1723 1079 1777 fluvium
1115 1736 1167 1776 et
1188 1723 1428 1796 Pompti-

400 1825 493 1860 nas
514 1803 753 1878 paludes.
772 1807 955 1858 Hsnn.

482 1887 574 1950 45.
604 1884 791 1949 Setini,
833 1897 932 1938 etc.
968 1881 1132 1936 Setini
1186 1901 1217 1935 a
1258 1882 1425 1948 Setia,

400 1964 469 2019 de
498 1985 603 2037 qua
630 1983 808 2035 supra.
839 1963 1014 2016 Hodie
1035 1961 1202 2014 Sem.
1232 1961 1430 2031 Signini

402 2066 431 2100 a
474 2046 659 2118 Signia
704 2043 912 2098 colonia
947 2035 1169 2110 (adhuc
1199 2033 1425 2112 Segni),

400 2125 593 2190 Livio,
645 2124 787 2176 libro
833 2125 921 2188 11,
970 2122 1147 2193 capite
1201 2141 1291 2175 ιι.
1336 2120 1425 2173 Se·

397 2209 525 2274 gni,
554 2205 611 2257 in
642 2203 963 2274 Campania,
986 2214 1046 2255 ιιι
1072 2213 1297 2265 vocant,
1323 2203 1427 2254 Ro-

398 2303 571 2338 mana.
604 2283 882 2336 Suessulam·
912 2283 979 2334 ab
1012 2279 1215 2352 oppido
1243 2283 1423 2334 Σουέσ-

398 2373 582 2428 ceula,
614 2366 767 2435 cujus
798 2361 1040 2416 meminit
1070 2361 1290 2426 strabo,
1323 2362 1419 2414 lib.

399 2445 473 2510 V,
500 2462 620 2516 pag.
657 2450 803 2512 2159,
834 2461 979 2496 nunc
1026 2441 1195 2494 Cascei
1224 2433 1278 2492 di
1302 2440 1417 2494 Ses

399 2527 533 2591 sola,
560 2542 727 2597 prope
754 2520 1031 2576 dirutum.
1056 2521 1185 2574 olim
1208 2522 1419 2576 colonia

400 2604 641 2659 Suessula
668 2604 955 2668 Frontino,
986 2621 1113 2674 ρος.
1133 2603 1224 2656 88.
1269 2602 1337 2657 Η.

483 2688 575 2748 46.
626 2686 800 2737 Telini.
852 2682 1021 2737 Forte
1086 2683 1295 2735 Telesini
1307 2724 1323 2747 ,
1390 2702 1421 2736 a

399 2765 603 2818 Telesia
631 2764 843 2818 colonia
860 2800 879 2828 ‚
921 2761 1062 2835 apud
1093 2762 1135 2815 F
1136 2774 1275 2816 ront.
1298 2781 1419 2835 pag.

402 2850 494 2914 89.
528 2844 745 2898 Τιλισὶα.
783 2843 1004 2897 Ptolem.
1043 2843 1139 2897 lib.
1162 2843 1277 2907 111,
1305 2862 1421 2913 esp.

408 2944 455 2987 1,
484 2942 650 2995 prope
678 2925 1068 2988 Beneventum3
1094 2922 1252 2979 etiam
1280 2940 1426 2976 nunc

409 3004 604 3061 Telese,
631 3003 794 3055 leucis
820 3015 1017 3073 septem
1048 3020 1081 3055 ιι
1104 3001 1291 3072 Capua.
1316 3004 1421 3056 En.

486 3088 574 3152 47.
621 3082 930 3152 Cognomina.
990 3080 1077 3133 Ad
1134 3079 1421 3135 discrimen

402 3162 827 3216 Trebulanorum
854 3162 911 3213 in
934 3160 1183 3225 Samnio,
1210 3160 1279 3213 de
1300 3162 1422 3235 qui-

400 3244 505 3297 bus
538 3261 655 3313 cap.
707 3261 799 3312 ¹7·
840 3241 1047 3293 Horum
1094 3240 1355 3312 oppidum
1386 3244 1419 3299 ἡ

404 3320 637 3393 Τριὸοᾙι,
656 3322 878 3394 Dionys.
909 3320 1081 3373 Helio.
1104 3320 1199 3373 lib.
1224 3323 1250 3373 1
1267 3359 1282 3385 ,
1302 3340 1423 3393 pag.

404 3421 479 3455 ιιι.
518 3400 661 3455 Illud
703 3399 848 3455 haud
882 3401 1037 3471 longe
1068 3419 1099 3453 a
1131 3400 1427 3453 Maddaloni

400 3482 557 3535 sitnm
586 3482 745 3535 fuisse
762 3480 1291 3552 probatMnnnertus.
1316 3482 1421 3534 En.

486 3564 577 3627 48.
613 3561 838 3614 Treboni.
875 3558 1049 3630 TpriGoe
1088 3560 1215 3613 urbs
1251 3560 1421 3614 Ptole·

404 3660 537 3695 maeo
562 3641 737 3707 dieta,
758 3642 856 3694 lib.
892 3640 975 3693 111
996 3677 1012 3703 ,
1050 3658 1167 3711 cap.
1204 3658 1253 3693 1.
1284 3640 1425 3694 Latii

400 3719 689 3793 oppidum,
708 3740 853 3775 nunc
874 3722 1033 3781 Treui,
1060 3721 1115 3771 in
1137 3721 1425 3791 Campania

398 3802 651 3855 Romana.
680 3803 863 3855 Hnn.

483 3888 574 3953 49.
640 3882 918 3934 Tusculani.
975 3880 1271 3933 Tusculum
1344 3880 1422 3934 ibi

403 3962 538 4026 fuit,
564 3961 659 4015 ubi
688 3980 833 4014 nunc
865 3960 1108 4011 Fraseati.
1142 3952 1323 4012 ΗΑιιι).

484 4048 567 4095 5ο.
601 4042 855 4095 Ver-alani.
906 4038 1183 4111 Oppidum
1230 4039 1423 4093 Ver-ula

406 4120 688 4189 Frontino,
725 4122 819 4175 lib.
866 4118 936 4173 de
974 4120 1163 4175 Colon.
1191 4136 1311 4190 pag.
1348 4138 1423 4189 90

402 4213 453 4252 et
498 4220 623 4271 ¹²7·
670 4202 829 4255 Nunc
875 4200 1041 4253 Veroli
1064 4240 1081 4263 ,
1124 4199 1261 4253 infra
1302 4200 1426 4252 Ala-

508 4313 611 4378 II.

1490 1485 1676 1538 'trium
1695 1523 1710 1548 ,
1738 1484 1794 1538 in
1818 1483 2094 1550 Hernicis,
2114 1498 2334 1540 auctore
2355 1486 2540 1554 Livio,

1516 1564 1610 1617 lib.
1640 1564 1754 1627 IX,
1779 1583 1897 1635 cap.
1923 1571 2016 1629 4²-
2051 1564 2230 1618 ΗΛιιι).

1596 1643 1686 1696 5ι.
1714 1644 1965 1697 Veliterni.
2009 1645 2120 1697 Sub
2149 1656 2330 1698 monte
2345 1645 2538 1716 Algido

1514 1721 1680 1776 hodie
1707 1735 1866 1775 monte
1887 1723 2177 1788 Artemisio,
2197 1723 2418 1778 Velitrae
2447 1745 2542 1798 op-

1512 1801 1703 1875 pidum
1725 1803 1880 1856 Livio
1901 1804 1996 1856 lib.
2017 1805 2072 1856 11
2088 1842 2103 1869 ,
2123 1822 2237 1876 cap.
2261 1804 2352 1868 30,
2376 1803 2541 1860 hodie

1518 1884 1575 1932 V
1566 1883 1738 1935 elletre‘.
1767 1883 1870 1935 En.

1598 1965 1690 2014 52.
1715 2015 1728 2032 r
1753 1963 2056 2016 Ulubrenses.
2128 1963 2210 2016 Ab
2272 1964 2496 2019 Ulubris
2516 2006 2534 2032 ,

1514 2039 1718 2113 oppido
1740 2041 1808 2094 ad
1837 2043 2146 2115 Pomptinas
2162 2042 2383 2115 paludes
2405 2046 2531 2108 situ,

1512 2135 1572 2174 ut
1599 2140 1662 2174 ex
1685 2121 1956 2175 Ciceronis
1977 2125 2129 2194 epist,
2158 2125 2222 2177 18
2241 2161 2257 2187 ,
2283 2124 2374 2176 lib.
2396 2125 2532 2191 VII,

1513 2215 1730 2275 apparet
1773 2219 1788 2253 τ
1835 2229 1856 2250 ι
1885 2202 2138 2268 Ulubris,
2162 2203 2382 2256 honoris
2426 2207 2532 2258 mei

1510 2299 1665 2334 eausa
1684 2319 1699 2345 ,
1744 2282 1852 2334 vim
1889 2283 2170 2335 maximam
2212 2284 2535 2336 ranunculo-

1510 2379 1631 2414 rum
1667 2380 1720 2412 se
1743 2379 2036 2416 commosse
2064 2363 2389 2416 constabat.-
2425 2366 2532 2417 De-

1510 2453 1707 2494 sertum
1743 2439 1950 2494 videtur
1971 2442 2128 2494 fuisse
2160 2455 2402 2514 tempore
2433 2445 2532 2497 Ju-

1507 2522 1734 2586 venalis,
1763 2522 1854 2593 qui
1895 2519 1964 2574 de
2007 2523 2100 2574 illo
2141 2522 2243 2585 sic,
2291 2535 2382 2577 sat.
2435 2541 2532 2595 ιο,

1506 2620 1558 2654 v.
1600 2618 1706 2654 102
1734 2620 1747 2654 t
1797 2629 1818 2650 ι
1853 2620 2118 2672 pannosus
2152 2604 2330 2657 vacuis
2367 2603 2535 2662 edilis

1508 2682 1750 2735 Ulubris.
1791 2708 1814 2733 ι
1865 2682 2024 2735 Cous.
2049 2684 2080 2735 J
2087 2684 2294 2739 avenel.
2322 2699 2449 2739 tom.
2479 2690 2536 2742 II

1507 2759 1636 2816 edit.
1667 2774 1801 2814 nost.
1845 2762 1948 2815 En.

1592 2842 1685 2895 53.
1719 2842 2010 2894 Ulvemates.
2062 2842 2215 2897 MSS.
2257 2846 2386 2917 Reg-
2430 2860 2532 2903 ete.

1516 2921 1814 2983 Uruanates,
1840 2923 1906 2974 ab
1929 2922 2062 2975 urbe
2081 2924 2312 2977 fortassis
2327 2940 2532 2981 extorta

1510 3000 1871 3073 appellatione
1888 3041 1903 3067 ,
1919 3014 1978 3053 ut
1991 3001 2062 3055 nit
2077 3002 2242 3057 Hard.
2275 3005 2531 3060 Urbinaees

1512 3094 1688 3134 autem
1707 3120 1722 3147 ,
1737 3100 1964 3153 quorum
1985 3101 2182 3137 nomen
2196 3084 2324 3156 legit
2345 3087 2530 3143 chiffl.
2551 3082 2556 3089 ’

1510 3160 1708 3215 habere
1725 3161 1814 3215 hic
1832 3162 2008 3215 locum
2029 3176 2325 3234 nequeunt,
2362 3185 2530 3238 quum

1510 3241 1567 3293 in
1618 3243 1832 3311 regione
1875 3254 2017 3295 sexta
2063 3243 2367 3313 appellandi
2407 3247 2529 3301 sint.

1511 3322 1680 3374 Porro
1719 3340 2063 3393 supet-vacum
2098 3322 2312 3377 videtur
2349 3345 2536 3380 recens

1510 3418 1705 3453 nomen
1733 3418 2004 3473 quaerere,
2027 3420 2196 3472 quum
2231 3418 2380 3459 vetus
2419 3426 2530 3461 non

1510 3480 1634 3534 satis
1660 3493 1880 3533 constet.
1909 3480 2011 3533 En.

1592 3560 1684 3624 54.
1729 3560 1881 3630 Cujus
1923 3580 2106 3615 nomen.
2127 3563 2256 3617 Hoee
2275 3563 2532 3639 deinceps

1511 3638 1734 3693 totidem
1782 3640 1960 3693 verbis
2001 3641 2245 3708 Solinus,
2287 3660 2428 3717 cap.
2459 3666 2526 3709 ι,

1512 3738 1630 3791 pag.
1665 3721 1757 3773 31.
1794 3720 2003 3773 Nomen
2034 3720 2088 3773 id
2120 3682 2340 3778 akei-um
2375 3727 2534 3781 fuisse

1514 3800 1812 3853 Valentiam
1825 3797 2206 3867 tradunt.Vide
2215 3822 2332 3875 quae
2346 3806 2398 3857 in
2415 3825 2532 3859 enm

1511 3899 1625 3932 rem
1661 3878 1858 3933 dicturi
1889 3898 2093 3944 sumus,
2125 3882 2220 3937 lib.
2255 3884 2532 3943 xxvm.

1511 3978 1631 4031 cap.
1663 3966 1717 4024 4.
1748 3960 1934 4014 ΗΑιιι).

1552 4046 1561 4057 ’
1595 4036 1688 4094 55.
1717 4040 1919 4112 Luitque
1960 4059 2086 4093 mox.
2111 4042 2308 4095 Necem
2350 4044 2398 4097 ei
2420 4046 2542 4098 ella·

1514 4132 1623 4173 tam
1664 4119 1738 4174 nit
1775 4118 2006 4173 Solinus.
2037 4120 2180 4174 Vide
2217 4124 2372 4177 etiam
2413 4124 2541 4177 Plu-

1517 4200 1684 4253 tan-ch.
1708 4200 1762 4253 in
1785 4200 1986 4265 Quat.
2015 4202 2170 4255 Rom.
2191 4221 2248 4273 p.
2273 4206 2405 4274 278.
2432 4206 2502 4259 H.

2135 4332 2173 4402 7
