3300 5175
1165 473 1476 571 mmm
1529 504 1682 571 111.

2391 500 2489 595 89

359 634 466 703 lbi
518 630 876 703 Laborini⁹
946 635 1162 728 campi
1217 648 1640 723 sternuntur,
1688 651 1757 704 et
1810 637 1878 703 in
1919 634 2185 704 delicias
2226 634 2408 705 alicae
2440 634 2488 660 ¹⁰
2531 659 2563 711 8

361 738 720 835 populatur
749 741 1002 809 messis.
1036 743 1196 811 Haec
1233 740 1454 811 littora
1485 741 1782 811 fontibus
1803 738 1847 765 ¹¹
1887 739 2113 810 calidis
2150 742 2485 837 rigantur:

359 862 728 941 praeterque
769 860 1004 938 caetera
1034 848 1102 916 in
1132 861 1276 917 toto
1313 848 1478 917 mari
1507 846 1855 942 conchylio
1892 861 1959 915 et
1992 848 2174 941 pisce
2199 846 2246 872 ¹²
2284 848 2492 918 nobili

361 951 763 1021 adnotantur
781 938 848 1021 ¹³.
875 952 1221 1048 Nusquam
1264 956 1646 1050 generosior
1683 953 1841 1023 oleae
1872 951 2131 1047 liquor:
2176 942 2323 1023 Et¹⁴
2359 956 2491 1027 hoc

359 1082 626 1153 quoque
653 1073 989 1128 certamen
1017 1059 1326 1130 humanm
1348 1060 1705 1155 voluptatis
1732 1077 2003 1130 tenuere
2031 1060 2213 1149 Osci,
2241 1064 2490 1151 Graeci,

358 1164 637 1250 Umbri,
677 1164 960 1252 Thusci‚
997 1168 1341 1262 Campani.

464 1274 546 1339 In
615 1296 734 1340 ora
800 1270 1010 1341 Savo¹
1067 1273 1306 1343 fluvius

1362 1299 1377 1343 ε
1432 1269 1878 1345 Vulturnum²
1946 1272 2266 1369 oppidum
2331 1298 2483 1343 cum
2528 1303 2562 1354 9

362 1399 555 1447 amne
578 1430 598 1465 ,
655 1364 1076 1467 Liternum³,
1133 1382 1366 1451 Cumae
1422 1378 1965 1451 Chalcidensium
1985 1370 2035 1469 ⁴,
2092 1381 2427 1451 Misenum
2446 1366 2531 1468 ⁵,·

357 1556 461 1610 lib.
491 1558 647 1624 XIV,
677 1577 794 1631 cap.
829 1560 894 1625 8,
926 1560 1020 1613 ubi
1057 1573 1111 1613 et
1141 1558 1210 1613 de
1237 1560 1382 1615 Gau·

360 1638 526 1691 ranis.
554 1638 740 1693 Hun.

447 1736 501 1787 9.
543 1718 796 1771 Labor-ini.
831 1718 982 1772 MSS.
1010 1719 1254 1771 Lebun'ni.
1305 1752 1385 1762 —

361 1796 544 1851 chiffl.
592 1798 834 1851 Leborini.
888 1799 970 1851 De
1015 1797 1098 1851 bis
1145 1795 1386 1853 dicemus

364 1876 610 1943 uberius,
640 1877 734 1931 lib.
758 1878 982 1942 xvm,
1011 1896 1126 1947 cap.
1155 1896 1246 1947 ²9·
1276 1880 1382 1932 En.

447 1970 533 2009 ιο.
573 1957 736 2010 Alica
759 1956 1055 2028 ‚populuum
1103 1958 1192 2011 Sic
1231 1958 1384 2013 MSS.

362 2034 544 2089 Chiffl.
581 2037 646 2087 In
686 2038 817 2105 Reg.
837 2037 1102 2106 populitur.
1126 2037 1304 2090 Dalec.
1333 2050 1386 2091 et

363 2115 480 2169 Elz.
502 2115 706 2183 politur.
735 2115 862 2167 Vet.
891 2134 977 2186 ap.
1003 2114 1180 2168 Dalec.
1201 2116 1385 2186 politu-

363 2212 438 2246 ra.
459 2192 641 2247 Herm.
649 2196 903 2265 poliuntur
914 2213 1100 2256 messes,-
1119 2214 1383 2266 propone·

363 2272 458 2326 bat
469 2274 652 2327 Dalec.
667 2274 1107 2343 colligi-‘ur'messis5
1123 2274 1388 2328 maluisset

360 2351 636 2423 Menagius
655 2354 851 2416 colitur,
874 2352 966 2425 qui
979 2366 1225 2407 caeterum
1242 2354 1386 2407 affir-

363 2444 475 2485 mat
488 2431 632 2503 apud
655 2431 890 2485 Ennium
916 2433 1140 2503 reperiri
1160 2452 1278 2486 arva
1291 2454 1386 2505 po·

363 2511 482 2574 lire,-
508 2510 566 2564 id
605 2523 684 2565 est
721 2532 840 2565 ma
862 2512 1032 2565 colere.
1066 2512 1215 2577 Quid
1250 2513 1388 2567 alica

363 2591 466 2658 sit,
501 2589 740 2646 dicemus
770 2593 867 2646 lib.
905 2593 1071 2644 XVII
1093 2631 1110 2656 ,
1137 2612 1250 2664 cap.
1294 2614 1384 2664 ²9·

363 2668 449 2730 Ad
471 2671 658 2724 alicam
686 2669 981 2726 faciendam
1009 2672 1191 2725 messis
1210 2692 1387 2744 popu-

362 2751 520 2816 latur,
533 2751 638 2805 hoc
658 2765 762 2818 est,
786 2743 940 2805 avide
959 2750 1165 2822 rapitur
1182 2753 1253 2805 ob
1277 2755 1388 2825 ejus

363 2830 799 2885 existimationem
821 2869 839 2896 ,
905 2849 936 2882 a
995 2831 1386 2886 Laborinorum

363 2926 678 2982 camporum
703 2909 905 2965 incolis.
934 2912 1038 2972 En.

329 3013 340 3022 ·
452 3007 475 3042 1
494 2989 802 3042 1.Fontibus.
823 2989 1044 3052 Baianas
1055 3009 1217 3060 aquas
1229 2991 1386 3046 intel-

361 3067 505 3139 ligit,
542 3081 597 3122 et
629 3069 966 3131 Puteolanas,
1009 3082 1064 3126 et
1097 3069 1384 3126 stabianus.

451 3246 473 3281 1
490 3249 540 3283 2.
558 3229 699 3285 Pisce
716 3231 882 3283 nobili.
909 3229 1090 3284 Scaro.
1107 3228 1248 3284 Vide
1269 3251 1388 3303 quae

367 3307 568 3363 dicturi
611 3327 792 3363 sumus
833 3310 928 3363 lib.
967 3311 1076 3377 IX,
1119 3329 1236 3382 cap.
1294 3331 1383 3382 ²9·

363 3389 554 3443 Ostrea
589 3408 802 3462 quoque
819 3426 837 3453 ‚
879 3387 1044 3444 credo
1062 3428 1078 3458 ,
1110 3390 1306 3444 Baiana
1333 3403 1388 3444 et

359 3469 593 3522 Lucrina
631 3469 904 3542 intelligit,
937 3467 1006 3523 de
1047 3469 1247 3542 quibus
1288 3469 1382 3524 lib.

359 3547 474 3613 lx,
502 3567 618 3621 cap.
652 3565 741 3619 79.
785 3549 965 3615 Han.

448 3647 474 3682 ι
487 3629 539 3682 3.
555 3628 888 3682 Adnotantur.
904 3630 1270 3695 celebrantur,
1289 3649 1386 3684 no-

357 3707 655 3762 bilitantur.
702 3707 790 3761 Sic
830 3707 958 3764 libri
997 3728 1182 3762 omnes
1213 3727 1228 3762 ε
1279 3727 1378 3764 nec

359 3789 666 3858 conjectura
699 3787 873 3860 placet
903 3787 1100 3842 eruditi
1130 3789 1265 3854 viri,
1293 3789 1377 3842 le-

357 3867 530 3937 gentis
540 3868 978 3938 adnotantur-:qua
991 3869 1160 3921 forma
1173 3866 1377 3921 dictum

357 3946 426 3998 ab
459 3946 656 4000 ovidio
687 3960 794 4014 est,
830 3972 852 3995 ι
874 3947 1038 4001 Novit
1064 3966 1181 4019 qun
1207 3949 1378 4002 multo

355 4025 502 4096 pisce
548 4039 799 4080 natantur
849 4045 1014 4099 aquae.
1042 4052 1065 4072 ι
1119 4026 1376 4081 Adnatari

357 4105 501 4158 enim
523 4107 809 4178 conchylio
829 4108 1010 4161 littora
1038 4104 1174 4159 dure
1196 4104 1380 4160 admo·

354 4180 490 4238 dum
517 4183 625 4239 dici
650 4186 808 4240 nobis
824 4185 1054 4242 videtur.
1088 4187 1271 4242 nnn.

1561 1567 1646 1625 14.
1670 1562 1743 1615 Ee
1763 1561 1852 1616 hoc
1869 1582 2068 1635 quoque.
2093 1562 2325 1617 Felicem
2349 1562 2495 1617 hunc

1473 1640 1571 1695 soli
1601 1653 1857 1707 tractum,
1886 1642 1942 1694 in
1974 1661 2082 1713 quo
2120 1642 2365 1695 humanm
2396 1662 2495 1697 vo-

1470 1720 1669 1790 luptati
1696 1719 1971 1791 explenda
1991 1721 2155 1775 Liber
2180 1736 2332 1793 pater
2366 1740 2493 1776 cum

1473 1800 1667 1853 Cerere
1706 1813 1870 1853 certat
1910 1814 1965 1855 et
2002 1800 2247 1867 Pallade,
2277 1814 2494 1855 tenuere

1470 1878 1604 1932 varii
1621 1878 1850 1934 subinde
1867 1882 2081 1952 populi:
2098 1882 2335 1952 primum
2358 1880 2493 1954 opi-

1470 1958 1522 2011 ci
1567 1956 1949 2030 Ausonesque,
1980 1961 2159 2033 inquit
2201 1960 2390 2015 Strabo
2428 1980 2495 2013 ex

1469 2037 1731 2106 Polybio,
1753 2038 1847 2091 lib.
1876 2040 1947 2102 V,
1974 2058 2091 2111 pag.
2126 2046 2256 2104 242.
2288 2040 2495 2094 Deinde

1475 2114 1634 2181 Osci,
1661 2130 1761 2169 etc.
1806 2118 1986 2173 lium.

1559 2213 1608 2247 1.
1658 2194 1803 2248 Savo.
1847 2198 2064 2251 Latium
2086 2198 2177 2251 hic
2200 2218 2233 2251 a
2257 2198 2495 2271 Campa-

1470 2273 1562 2327 nia
1591 2274 1943 2330 disterminat.
1969 2274 2145 2331 Hodie
2176 2278 2353 2332 Saone.
2393 2278 2494 2333 Ca·-

1471 2354 1607 2407 mill.
1630 2353 1841 2426 Peregr.
1870 2374 1991 2428 pag.
2026 2358 2153 2411 251.
2176 2358 2357 2411 Ηιιω.

1557 2454 1606 2485 2.
1629 2434 1688 2483 V
1681 2434 1939 2488 ultumum.
1977 2438 2163 2489 Amnis
2190 2436 2493 2508 Campania

1471 2512 1761 2579 maximus,
1798 2516 2063 2577 Volcomo.
2102 2515 2253 2570 dedit
2289 2517 2496 2590 oppido

1470 2611 1670 2647 nomen
1686 2633 1703 2659 ,
1718 2594 1864 2666 quod
1884 2615 2028 2651 nunc
2044 2597 2317 2650 castellum
2337 2610 2497 2654 tenue

1467 2685 1547 2726 est
1571 2672 1628 2724 in
1653 2693 1775 2738 ora,
1800 2676 1968 2729 Castel
1988 2677 2071 2728 del
2096 2676 2356 2732 Volturno.
2384 2677 2458 2732 H.

1555 2751 1609 2804 3.
1635 2753 1900 2812 Litemum.
1945 2756 2105 2810 Nunc
2130 2758 2299 2822 vicus,
2343 2759 2394 2810 T
2390 2778 2497 2812 orm

1471 2831 1528 2883 di
1571 2832 1781 2898 Poma,
1828 2835 1897 2888 ab
1934 2855 2089 2890 amne
2134 2838 2455 2908 cognomine
2472 2877 2490 2902 ,

1473 2929 1630 2982 quem
1661 2913 1813 2984 Virg.
1861 2915 2055 2987 Georg.
2096 2917 2191 2970 lib.
2239 2917 2327 2978 11,
2372 2917 2493 2970 cla-

1470 2990 1624 3044 nium
1654 3005 1836 3057 vocat,
1866 3008 1927 3049 ut
1960 3008 2100 3048 recte
2140 2996 2351 3048 Camill.
2390 2997 2494 3050 Pe·

1470 3087 1608 3141 regr.
1627 3090 1746 3144 pag.
1772 3076 1899 3142 189.
1925 3076 1991 3127 In
2008 3073 2227 3146 Synodo
2242 3075 2493 3142 Palmati,

1471 3151 1572 3204 sub
1587 3149 1907 3223 Symmacho
1921 3190 1939 3218 ‚
1969 3154 2161 3225 Aprilis
2180 3155 2490 3211 Lim-nemis.

1435 3241 1445 3246 ”
1472 3231 1663 3286 Ham).

1555 3319 1608 3376 4.
1659 3312 2061 3367 Chalcidensium.
2108 3315 2229 3368 Hoc
2296 3327 2402 3384 est,
2466 3335 2497 3369 a

1472 3389 1909 3446 Chalcidensibus
1954 3391 2183 3446 condito
2201 3432 2217 3458 ,
2266 3394 2376 3448 sive
2429 3410 2493 3450 ut

1471 3469 1683 3524 Solinus
1706 3471 1810 3536 ait,
1844 3491 1961 3544 cap.
1987 3489 2062 3537 ιι,
2088 3473 2157 3525 ab
2188 3475 2497 3528 Euboeensi-

1469 3550 1586 3603 bus.
1631 3552 1726 3604 Est
1780 3552 1924 3604 enim
1974 3550 2233 3624 oppidum
2281 3555 2497 3609 Euboeae

1473 3629 1697 3687 Chalcis.
1719 3631 1929 3696 Livius,
1950 3631 2339 3703 lib.V111‚0ap.
2376 3652 2444 3686 22
2477 3653 2495 3688 τ

1474 3735 1496 3758 ι
1513 3709 1735 3765 Cumani
1756 3713 1823 3764 ab
1838 3710 2093 3765 Chalcide
2118 3712 2359 3766 Euboica
2386 3714 2493 3767 ori-

1464 3789 1640 3860 ginem
1663 3791 1900 3846 trahunt.
1928 3817 1950 3838 ι
1979 3791 2067 3846 Sic
2096 3804 2149 3844 et
2176 3793 2411 3846 Eustath.
2437 3795 2493 3846 in

1464 3868 1617 3923 Iliad.
1658 3871 1723 3936 β,
1753 3890 1875 3943 pag.
1937 3890 2065 3940 279.
2115 3871 2275 3924 Nunc
2320 3873 2494 3926 solum

1466 3962 1701 4020 superest
1726 3969 1921 4004 nomen
1940 3991 1955 4016 ,
1984 3953 2155 4004 Cuma.
2193 3950 2371 4006 Hm).

1549 4029 1600 4082 5.
1644 4031 1904 4084 Misenum.
1950 4030 2089 4102 Capo
2148 4031 2206 4081 di
2259 4031 2450 4084 Miseno
2475 4053 2493 4084 :

1466 4109 1558 4162 ubi
1587 4109 1775 4182 oppidi
1801 4109 2014 4170 rudera.
2044 4109 2132 4162 Sic
2157 4110 2296 4164 Baiis
2318 4112 2493 4164 solum

1465 4201 1622 4243 restat
1671 4190 1942 4244 castellum
1968 4228 1985 4256 ,
2034 4190 2203 4244 castet
2240 4189 2295 4242 da·
2335 4190 2488 4246 Boia.
