3300 5175
802 510 902 593 24
1331 510 1407 578 C.
1465 510 1811 580 PLINII
1867 510 2087 579 NAT.
2145 508 2405 577 HIS'l.

795 644 998 711 Osset
1014 640 1234 771 ‚quod
1261 644 1775 737 cognominatur
1800 645 1838 710 J
1842 642 1971 712 ulna
1990 642 2415 713 Constantia·
2434 626 2915 735 Vergentuni⁸⁶
2914 696 2935 727 ‚

791 747 974 842 quod
1024 746 1180 816 Julii
1191 734 1240 787 ⁸⁷
1283 750 1604 819 Genius.
1651 752 1947 845 Orippo,
2006 752 2263 833 Caura,
2321 749 2607 818 Siarum.
2666 745 2936 817 Fluvius

789 840 1156 924 Menoba⁸⁸
1159 908 1180 941 ‚
1210 870 1277 923 et
1299 856 1436 951 ipse
1457 880 1504 924 a
1536 855 1770 927 dextro
1803 856 2009 927 latere
2038 856 2311 926 infusuS.
2324 857 2413 925 At
2437 855 2611 923 inter
2634 856 2937 924 aestuaria

735 1054 742 1061 .
788 963 1025 1049 Baetis,
1063 959 1388 1056 oppidum
1417 949 1797 1034 Nebrissa⁸⁹

871 1146 966 1197 86.
991 1142 1303 1213 Ver-geneum.
1322 1142 1479 1197 MSS.
1491 1144 1814 1214 Jurgentium.

787 1222 1022 1276 Lamus.

877 1305 972 1373 87.
1001 1302 1126 1355 Iulia·
1165 1301 1351 1355 Genius
1369 1322 1389 1356 .·
1416 1302 1608 1375 Orippo
1622 1339 1641 1367 ,
1682 1302 1817 1357 Cau·

793 1403 852 1434 ra
869 1425 886 1447 ,
944 1382 1157 1436 Siarum.
1223 1382 1312 1435 Sic
1337 1386 1354 1397 ⁵
1384 1382 1566 1436 locum
1619 1382 1783 1436 istum
1802 1424 1818 1449 ‚

789 1459 937 1516 haud
965 1462 1072 1516 scio
1099 1480 1168 1515 an
1192 1474 1336 1515 recte
1352 1503 1369 1527 ,
1393 1462 1623 1517 restituit
1650 1464 1817 1517 Hard.

796 1560 968 1614 quum
993 1554 1144 1595 antea
1163 1542 1220 1593 in
1235 1542 1388 1596 libris
1409 1542 1661 1596 omnihus
1682 1544 1823 1616 lege·

791 1634 944 1677 retur
961 1622 1090 1675 Jult‘t‘
1115 1620 1342 1689 Genitor,
1366 1622 1536 1692 Hippo
1561 1622 1824 1677 Cam-asla-

795 1721 915 1755 rum.
944 1702 1021 1755 Ut
1032 1701 1404 1769 Athenienses,
1425 1702 1599 1774 inquit
1613 1742 1630 1769 ,
1651 1702 1821 1757 adem

791 1781 1016 1853 Augusti
1045 1781 1239 1847 Genio,
1265 1780 1518 1837 Suetonio
1539 1794 1670 1836 teste
1685 1822 1702 1848 ,
1725 1781 1822 1835 de-

794 1858 1062 1927 dicarunt,
1090 1862 1166 1915 sic
1191 1863 1383 1915 urbem
1405 1879 1556 1915 suam
1569 1863 1820 1934 vergen-

793 1953 968 1994 tenses
995 1944 1095 1995 sub
1125 1939 1289 1994 Genii
1323 1942 1544 1996 Caesaris
1568 1942 1735 1996 tutela
1761 1961 1823 1998 ae

792 2017 1047 2092 presidio
1077 2021 1426 2075 collocarunt.
1458 2052 1541 2065 —-
1578 2022 1791 2094 Orippo
1804 2062 1822 2089 ,

795 2102 864 2154 ab
881 2101 1160 2153 Antonino
1187 2114 1532 2168 memoratur,
1553 2102 1609 2154 in
1628 2103 1823 2157 itinere

796 2197 829 2233 a
853 2178 1096 2234 Gadibus
1131 2179 1472 2247 Cordubam,
1508 2181 1578 2235 ab
1613 2181 1823 2253 Hispali

797 2278 875 2313 xx.
917 2278 984 2313 n.
1027 2278 1164 2331 pass.
1211 2262 1301 2329 ⁸De
1354 2260 1446 2314 illa
1485 2260 1644 2313 etiam
1664 2301 1680 2327 ,
1722 2280 1823 2315 nec

795 2358 908 2393 non
927 2338 998 2393 de
1020 2340 1195 2394 Caura
1215 2340 1416 2393 mentio
1436 2341 1497 2393 fit
1516 2338 1665 2411 apud
1689 2360 1822 2414 poe-

795 2430 907 2473 tam
933 2419 1237 2491 antiquum,
1258 2421 1322 2472 A.
1345 2420 1546 2473 Holum
1569 2421 1791 2474 nomine
1808 2461 1824 2487 ,

798 2513 926 2553 ortu
945 2497 1390 2570 Burdegalensem
1405 2540 1422 2567 ,
1440 2518 1600 2572 quem
1625 2503 1821 2556 Tama-

795 2597 899 2651 yus
913 2579 968 2633 in
982 2580 1212 2651 Martyr.
1227 2578 1445 2652 Hispan.
1469 2607 1491 2629 ι
1511 2580 1615 2635 Hic
1628 2581 1824 2649 Caura,

797 2659 994 2713 Sauros
1028 2671 1255 2714 ostentat
1291 2660 1506 2732 Orippo
1533 2662 1768 2716 colonos.
1792 2687 1815 2708 ι

797 2739 1058 2794 Praeterea
1088 2739 1146 2792 in
1167 2757 1392 2794 nummo
1415 2754 1592 2794 vetere
1610 2761 1677 2794 ex
1690 2760 1793 2794 aere
1808 2781 1824 2807 ,

797 2819 943 2892 apud
958 2821 1024 2872 D.
1034 2820 1077 2873 F
1077 2825 1328 2873 oncrum·
1344 2821 1538 2892 legitur
1547 2823 1813 2876 birro.-

797 2900 865 2951 In
907 2899 1013 2952 alio
1064 2897 1208 2972 apud
1255 2905 1310 2953 P.
1349 2901 1595 2967 Joannr,
1628 2901 1825 2973 legitur

799 2977 1008 3034 Canas.
1027 3011 1109 3021 -
1123 2981 1204 3033 De
1219 2979 1369 3032 Siara
1382 2978 1614 3052 denique
1631 2981 1823 3034 memi-

797 3059 880 3111 nit
906 3059 1170 3114 Gruterus
1200 3077 1320 3132 pag.
1343 3059 1456 3114 803
1474 3098 1490 3124 ,
1517 3060 1823 3132 inscriptio·

799 3157 896 3192 nes
919 3139 1156 3192 referens
1189 3139 1244 3191 in
1263 3157 1400 3212 pago
1414 3179 1430 3206 ,
1453 3157 1613 3211 quem
1640 3140 1821 3193 Sam·

801 3221 946 3270 cutim
967 3231 1120 3272 vocat
1136 3259 1151 3287 ,
1183 3232 1383 3284 erutas,
1421 3220 1478 3272 in
1503 3239 1635 3291 agro
1663 3221 1823 3274 Utre-

797 3299 941 3351 rensi
975 3317 989 3352 ε
1024 3297 1206 3352 Onne.
1238 3298 1607 3354 Sunnnsmu.
1660 3300 1823 3372 Apud

797 3376 995 3431 Roder.
1057 3379 1251 3432 Carum
1272 3418 1289 3445 ,
1339 3379 1437 3434 lib.
1469 3381 1585 3444 ΙΙΙ,
1637 3381 1822 3453 Antiq.

796 3458 998 3529 Hispal.
1031 3477 1148 3531 cap.
1187 3475 1287 3512 ao:
1311 3458 1677 3513 Sunusmnt.
1702 3461 1825 3514 Mu·

797 3553 1082 3592 melmun.
1098 3539 1313 3611 legitur.
1329 3571 1411 3583 --
1429 3539 1632 3592 Harum
1645 3553 1823 3594 autem

795 3617 1013 3670 urbium
1084 3619 1213 3672 situs
1274 3619 1585 3694 ignoratum
1644 3638 1823 3692 neque

794 3698 938 3749 enim
995 3697 1276 3751 Harduino
1329 3699 1565 3755 assentiri
1603 3717 1821 3770 possum

793 3778 886 3847 qui
908 3778 1024 3830 illas
1055 3778 1267 3831 sinistro
1284 3778 1442 3831 Bautis
1462 3779 1624 3832 latere
1641 3780 1818 3851 impo-

791 3858 904 3921 nit,
951 3875 1123 3928 quum
1155 3877 1218 3910 ex
1262 3858 1388 3929 ipsis
1432 3859 1592 3911 Plinii
1645 3859 1823 3913 verbis

791 3957 852 3988 ex
878 3937 1078 3990 adverso
1099 3951 1197 3990 etc.
1213 3974 1226 3985 .
1253 3971 1266 3984 ·
1281 3949 1330 3988 et
1359 3941 1456 4007 ipse
1481 3958 1514 3990 a
1553 3939 1725 3990 desero
1750 3941 1820 3992 la-

795 4029 889 4069 tere
901 4051 913 4063 .
942 4052 954 4064 .
981 4052 994 4065 .
1009 4035 1094 4070 eas
1109 4015 1297 4070 dextro
1311 4009 1432 4071 sitas
1443 4018 1604 4076 fuisse
1619 4032 1813 4089 pateat.

1798 965 2247 1059 ,cognomine
2264 962 2588 1039 Veneria,
2634 975 2704 1030 et
2734 959 2932 1030 Colo-

1906 1142 2073 1197 Hard.
2098 1144 2172 1197 ob
2194 1142 2251 1197 id
2279 1142 2334 1195 in
2356 1142 2602 1215 pluribus
2623 1160 2823 1207 errans,
2840 1141 2933 1196 sed

1906 1224 2333 1296 septemtrionale
2390 1235 2485 1277 est.
2536 1216 2709 1276 Caura
2774 1223 2933 1276 etiam

1906 1322 2062 1357 suum
2112 1322 2309 1357 nomen
2354 1320 2565 1357 servare
2616 1300 2832 1355 videtur
2869 1303 2933 1355 in

1910 1382 2078 1450 Coria,
2104 1382 2174 1437 ad
2204 1382 2452 1437 dextrum
2471 1382 2631 1435 Botis
2654 1382 2821 1448 latus,
2840 1384 2934 1436 tri-

1906 1464 2009 1517 bus
2038 1484 2067 1517 a
2092 1462 2275 1517 Seoilla
2300 1463 2485 1517 leucis.
2516 1462 2625 1515 En.

1991 1547 2085 1599 88.
2128 1544 2329 1611 Flavia-5
2366 1541 2580 1597 Menoba
2642 1555 2695 1593 et
2742 1545 2843 1613 ἱρω
2902 1563 2936 1595 a

1908 1624 2080 1675 dextro
2095 1624 2245 1675 laten
2256 1626 2457 1689 injurus.
2470 1622 2562 1676 Sic
2574 1623 2755 1675 locum
2770 1624 2934 1677 istum

1908 1721 1972 1755 ex
1994 1703 2235 1757 editione
2260 1704 2500 1756 Romana
2530 1702 2655 1755 anni
2694 1709 2839 1773 ¹57⁰
2880 1715 2935 1755 et

1908 1784 2179 1837 Parmensi
2241 1780 2543 1836 emendavit
2598 1780 2935 1847 narduinus,

1908 1880 2077 1933 quum
2102 1862 2277 1916 ceteri
2300 1880 2487 1915 omnes
2524 1862 2651 1915 libri
2676 1878 2804 1914 cnm
2825 1863 2935 1915 Da-

1908 1942 2171 2014 leeampio
2192 1942 2504 1995 exhiberent
2533 1959 2548 1994 z
2575 1941 2777 1995 Flavius
2806 1941 2937 1993 Μω-

1910 2021 2057 2085 noba,
2101 2021 2235 2075 Bau·
2262 2034 2313 2073 ee
2351 2026 2451 2093 ipse
2498 2041 2531 2072 a
2578 2022 2933 2074 dextmdatere

1910 2104 2095 2169 infusus
2110 2138 2128 2166 ‚
2174 2100 2321 2173 quod
2353 2120 2452 2172 ego
2480 2100 2693 2153 mallem
2708 2138 2725 2165 ,
2753 2119 2939 2172 quam·

1908 2182 1991 2235 vis
2040 2180 2185 2236 idem
2218 2179 2529 2234 Harduinus
2570 2178 2939 2234 demonstrare

1908 2262 2109 2315 nitatur
2129 2260 2366 2316 Plinium
2387 2262 2479 2315 hic
2505 2260 2802 2332 significare
2839 2280 2937 2314 vo·-

1911 2342 2071 2395 luisse
2129 2340 2365 2394 fluvium·
2410 2342 2559 2394 hunc
2610 2340 2899 2394 Menobam
2918 2378 2937 2405 ,

1882 2482 1895 2498 ο
1910 2439 2070 2493 quem
2093 2419 2257 2475 hodie
2280 2422 2376 2474 mo
2416 2420 2685 2475 Guadeleee
2708 2439 2819 2473 esse
2850 2419 2938 2474 di-

1910 2503 2009 2568 cit,
2032 2519 2141 2555 non
2160 2501 2311 2567 Baeti,
2334 2500 2427 2553 sed
2454 2498 2659 2573 oppido
2680 2499 2832 2553 Siaro
2849 2502 2938 2554 vel

1912 2581 2097 2636 Siariis
2140 2582 2277 2653 agris
2310 2580 2557 2648 infundi,
2597 2593 2660 2634 ut
2695 2581 2939 2652 superius

1910 2661 2049 2716 dixit
2093 2660 2163 2716 de
2204 2661 2334 2716 Baeti
2364 2681 2379 2715 ε
2407 2663 2609 2715 Boeticoe
2633 2665 2841 2732 primum
2872 2662 2939 2714 ab

1917 2743 2225 2812 Ossigitania
2272 2743 2477 2810 infusus.
2516 2739 2623 2794 Sed
2670 2753 2937 2814 perpetuo

1912 2841 2093 2876 errore
2134 2822 2377 2876 laborare
2410 2819 2747 2876 Harduinum
2777 2839 2937 2874 nemo

1910 2901 2095 2956 videre
2114 2921 2227 2954 non
2247 2914 2452 2974 potest,
2478 2901 2577 2974 qni
2612 2902 2703 2955 hie
2736 2900 2896 2954 etiam
2920 2940 2940 2966 ,

1912 2995 1973 3036 ut
2006 2985 2116 3054 jam
2155 2979 2321 3035 modo
2360 2980 2623 3047 diximus,
2684 2979 2935 3034 dextrum

1912 3062 2068 3116 Baetis
2112 3062 2250 3116 latus
2274 3081 2374 3133 pro
2404 3061 2617 3115 sinistro
2648 3061 2811 3114 sumit
2852 3061 2937 3116 in-

1912 3155 2129 3210 cautus,
2172 3159 2341 3213 quum
2386 3142 2611 3195 fluvium
2646 3142 2935 3194 monebam

1912 3223 2009 3274 mo
2042 3222 2313 3276 Gnadelcte
2342 3219 2505 3274 hodie
2540 3239 2650 3274 esse
2684 3220 2935 3274 affirmat.

1914 3301 2085 3354 Nobis
2135 3314 2310 3355 autem
2356 3301 2552 3355 fluvius
2592 3301 2687 3354 iste
2723 3299 2938 3354 videtur

1913 3399 2037 3434 eum
2068 3401 2179 3434 esse
2206 3381 2303 3453 qui
2325 3379 2517 3434 dextro
2558 3381 2725 3434 latere
2748 3381 2805 3433 in
2830 3381 2939 3435 Be-

1911 3459 2009 3513 tim
2038 3459 2377 3533 incidit,quo
2411 3465 2531 3514 loco
2560 3461 2715 3514 Betis
2736 3461 2850 3532 ipse
2878 3461 2938 3514 in

1913 3539 2025 3593 duo
2076 3541 2293 3594 brachia
2350 3538 2611 3593 dividitur
2641 3579 2660 3604 ,
2708 3539 2937 3594 insulam

1912 3637 2076 3690 quam
2140 3618 2305 3674 hodie
2351 3621 2457 3672 Isla
2494 3621 2666 3690 Major
2706 3619 2935 3690 Hispani

1910 3713 2136 3765 vocant,
2162 3701 2515 3772 amplexurus.
2550 3700 2653 3754 En.

1994 3783 2087 3850 89.
2134 3781 2365 3836 Nebrissa
2406 3777 2571 3833 hodie
2616 3779 2813 3850 Lebn'ja
2826 3819 2843 3843 ,
2896 3779 2937 3832 si

1908 3860 2205 3914 Marianam
2217 3861 2317 3914 lib.
2335 3861 2387 3927 1,
2409 3859 2544 3914 Hist.
2564 3859 2717 3929 Hisp.
2732 3877 2853 3930 cap.
2874 3857 2929 3923 3,

1909 3953 1964 3994 et
1990 3943 2189 3993 Anton.
2222 3940 2619 3993 Nebrissensem
2658 3937 2940 4002 audium„

1906 4037 2211 4091 quanquam
2252 4021 2381 4073 urbs
2423 4019 2511 4072 illa
2552 4037 2697 4072 nune
2735 4037 2765 4072 a
2804 4019 2937 4072 Bruti

791 4097 1049 4150 Dextrum
1071 4110 1246 4151 autem
1273 4097 1416 4151 latus
1434 4117 1542 4151 non
1565 4097 1815 4152 meridio·
1904 4117 1971 4154 nt.
2008 4119 2146 4171 pass.
2190 4119 2223 4154 v
2252 4114 2307 4152 et
2348 4101 2416 4153 ab
2450 4101 2563 4170 ejus
2600 4098 2739 4153 ostio
2780 4117 2843 4152 xx
2885 4111 2941 4150 et

789 4177 938 4239 nale,
993 4191 1054 4232 ut
1090 4181 1212 4232 ’non
1263 4178 1426 4233 semel
1471 4179 1526 4231 in
1569 4180 1711 4233 notis
1739 4180 1813 4236 ait
1900 4181 2133 4253 amplius
2178 4178 2353 4234 distet.
2413 4177 2579 4244 Quod
2614 4197 2743 4234 vero
2786 4176 2937 4233 addit
