3300 5175
841 573 984 640 180

1356 571 1844 641 c.PL1N11
1899 571 2107 640 NAT.
2165 569 2416 639 HIST.

828 704 913 772 ab
950 702 1213 798 Alpium
1244 703 1610 790 radicibus,
1652 691 1996 797 Augusta⁵
2033 706 2518 788 Taurinorum,
2549 703 2824 796 antiqua
2857 703 2972 771 Li·

825 833 1065 902 gnrum
1109 811 1341 903 stirpe,
1384 795 1571 878 inde⁶
1625 809 1983 905 navigabili
2030 809 2235 879 Pado.
2276 810 2450 877 Dein
2499 806 2966 878 Salassorum⁷

822 919 1119 1008 Augusta
1160 917 1503 1000 Praetoria,
1532 915 1720 1008 juxta
1773 917 2064 1010 geminas
2099 914 2362 1010 Alpium
2403 900 2614 982 fores⁸
2619 913 2962 1000 ,Graias⁹

822 1035 1021 1114 atque
1056 1022 1377 1090 Poeninas.
1437 1023 1557 1089 His
1601 1021 1905 1092 Poenos¹⁰
1916 1073 1936 1104 ‚
1987 1023 2206 1092 Graiis
2241 1018 2595 1089 Herculem
2637 1021 2960 1090 transisse

757 1159 786 1194 a
825 1141 1211 1195 memorant.
1255 1126 1597 1221 Oppidum
1647 1126 2063 1222 Eporedia¹¹
2082 1181 2101 1216 ‚
2154 1123 2554 1221 Sibyllinis¹⁸

818 1320 1045 1391 ignorari
1068 1319 1259 1374 merito
1281 1319 1565 1374 confitetur
1590 1319 1834 1372 Manner-

818 1416 918 1454 tus.
951 1401 1054 1452 En.

899 1486 952 1542 4.
980 1479 1196 1548 Segusa).
1220 1471 1380 1530 Nunc
1398 1477 1549 1543 Susa,
1570 1477 1627 1530 in
1647 1475 1836 1530 Gallio

815 1559 1082 1630 Italiaque
1108 1556 1356 1610 confinio.
1382 1557 1487 1610 En.

900 1639 951 1692 5.
972 1640 1200 1707 Augusta
1225 1637 1426 1688 Tauria.
1450 1638 1716 1690 Nummus
1734 1635 1836 1688 Ne-

814 1718 960 1772 ronis
988 1718 1045 1769 in
1070 1717 1232 1770 Thes.
1270 1715 1501 1781 Goltzii,
1540 1734 1658 1786 pag.
1701 1721 1834 1779 240,

816 1801 951 1851 Cor..
1013 1815 1123 1848 xvi..
1160 1797 1469 1849 Tsvmuon.
1511 1793 1682 1847 Hodie
1737 1795 1836 1849 To-

816 1881 922 1930 rino
947 1875 1145 1928 incolis.
1180 1876 1359 1927 Hsan.

896 1960 949 2010 6.
993 1955 1114 2009 Inde
1150 1953 1415 2024 navigabili
1452 1953 1610 2006 Pado.
1656 1951 1834 2007 Chiffl.

821 2063 845 2084 .-
870 2032 996 2088 inde
1016 2033 1300 2105 navigabili
1321 2031 1492 2098 Pado,
1524 2032 1739 2103 antiqua
1754 2032 1841 2084 Li-

814 2133 1009 2188 gurum
1036 2114 1214 2185 stirpe.
1239 2139 1261 2160 ι
1297 2113 1401 2165 En.

895 2213 949 2264 7.
1001 2191 1318 2247 Salassorum.
1361 2192 1485 2243 Vet.
1530 2209 1616 2262 ap.
1660 2190 1838 2244 Dalec.

814 2271 1118 2326 Salariam.
1137 2272 1423 2326 Σαλασσὶων
1439 2271 1673 2340 Δὺγοὺςα
1683 2275 1842 2340 npet-

812 2353 966 2423 τωρία
986 2354 1212 2417 κολωνία,
1227 2349 1371 2422 apud
1387 2349 1609 2402 Ptolem.
1622 2349 1716 2402 lib.
1736 2351 1841 2415 111,

816 2447 995 2563 35ae
1016 2427 1672 2580 ’pi‘g³⁰,¹¹3¹;¹²‘-¹²Z.}'.i¹.’5.‘⁵¹
1691 2427 1842 2579 {3¹33

1141 2549 1154 2562 .
1322 2549 1335 2562 .
1633 2544 1651 2574 ,

812 2590 965 2660 jussu
994 2602 1049 2643 et
1082 2587 1325 2660 auspiciis
1358 2586 1579 2659 Augusti
1609 2584 1837 2643 condita.

817 2668 1095 2733 Praetoria,
1111 2666 1263 2739 quod
1287 2667 1733 2720 Praetorianorum
1753 2686 1842 2719 co-

818 2747 964 2801 lonia
986 2764 1050 2799 eo
1072 2744 1328 2812 deducta,
1355 2764 1497 2798 anno
1516 2745 1587 2798 U.
1617 2745 1678 2798 C.
1705 2764 1836 2816 7²9·

818 2818 963 2879 Vide
983 2826 1207 2879 Dionem
1222 2866 1239 2891 ‚
1259 2825 1353 2878 lib·
1379 2826 1508 2877 L111
1522 2862 1537 2888 ‚
1557 2841 1690 2895 pag.-
1711 2824 1740 2877 5
1753 2842 1774 2877 1
1787 2830 1838 2888 4.

817 2906 1029 2960 Nomen
1057 2905 1331 2976 antiquum
1360 2904 1577 2968 retinet,
1602 2902 1764 2956 Aosea
1789 2917 1844 2957 et

819 2986 1073 3057 Augusta,
1106 2985 1287 3038 Italis:
1314 2984 1471 3037 nobis
1495 2984 1697 3036 Aouste.
1729 2983 1799 3035 Η.

901 3069 953 3121 8.
992 3064 1159 3117 Fores.
1197 3063 1286 3118 Sic
1318 3082 1403 3133 ap.
1436 3062 1617 3117 Chiffl.
1659 3062 1836 3115 Dalee.

821 3158 875 3197 et
906 3146 1021 3197 Elz.
1053 3144 1255 3197 Fctum.
1282 3144 1382 3196 En.
1416 3200 1421 3203 ,

901 3244 956 3294 9.
998 3224 1210 3289 Graias,
1238 3236 1338 3277 etc.
1366 3222 1506 3274 Beue
1531 3218 1682 3273 MSS.
1708 3220 1836 3292 Reg.

820 3302 1161 3356 Ambrosian.
1220 3314 1275 3356 et
1341 3302 1423 3356 Cl.
1482 3298 1806 3353 Rezzonicus
1823 3338 1839 3363 ,

828 3408 852 3429 ιι
874 3382 1059 3435 Graias
1084 3394 1245 3453 atque
1270 3380 1508 3434 Peninas.
1527 3405 1549 3425 ι
1587 3379 1840 3431 Bam.—

820 3460 981 3513 Plura
1010 3458 1187 3514 videas
1217 3458 1517 3531 insequenti
1552 3469 1696 3510 nota.
1740 3457 1840 3508 En.

819 3539 1181 3593 -Graiarum
1194 3540 1407 3611 Alpium
1418 3548 1651 3592 tractusa
1661 3548 1843 3589 monte

821 3618 1048 3683 Ceniso,
1072 3617 1174 3670 hoc
1201 3629 1279 3671 est
1298 3656 1315 3683 ,
1354 3618 1421 3669 ab
1452 3616 1674 3687 Alpibus
1711 3616 1842 3669 Cot-

818 3699 907 3751 tiis
924 3715 1089 3769 usque
1108 3694 1173 3750 ad
1193 3696 1431 3749 Poeninas
1442 3696 1691 3765 pertinet,
1709 3712 1840 3766 quas

816 3778 979 3849 vulgo
1001 3788 1222 3841 vocant,
1244 3776 1410 3828 Monte
1434 3775 1488 3827 di
1508 3774 1563 3827 S.
1585 3773 1841 3826 Ber-nardo

818 3861 1079 3927 maggior-e.
1115 3855 1255 3910 Galli
1273 3894 1311 3933 ⁹,
1328 3856 1373 3907 le
1402 3853 1568 3925 grand
1598 3852 1676 3907 St.
1717 3852 1841 3904 Ber-

816 3936 954 3989 nard.
989 3937 1166 3990 Ham).

904 4032 987 4071 ro.
1008 4016 1106 4070 His
1125 4016 1315 4069 Poenos.
1338 4010 1499 4066 Unde
1521 4011 1723 4065 fortean
1752 4009 1839 4063 Al-

812 4094 970 4164 pibus
990 4115 1206 4149 nomen.
1229 4084 1360 4147 Nam
1384 4091 1726 4151 Ptolemaeus.
1743 4090 1836 4143 lib.

810 4173 895 4235 11,
924 4192 1041 4246 eap.
1092 4195 1189 4241 η,
1216 4176 1306 4236 τὰς
1344 4172 1521 4233 Ποινὰς
1558 4183 1728 4226 vocat.
1769 4172 1836 4224 Et

2603 1149 2643 1193 a
2691 1125 2960 1221 populo

1923 1316 2067 1391 apud
2110 1318 2328 1372 Gruter.
2377 1333 2495 1388 pag.
2540 1315 2688 1386 376,
2719 1318 2956 1371 νῆψις.

1919 1399 2155 1452 Pena«.
2197 1397 2369 1468 Negat
2401 1409 2578 1450 tamen
2607 1389 2819 1462 Livius,
2849 1397 2954 1450 lib.

1921 1477 2056 1530 XXI
2076 1517 2092 1544 ‚
2121 1495 2238 1549 cap.
2281 1475 2352 1530 38
2372 1517 2390 1540 ,
2436 1495 2467 1528 a
2493 1476 2715 1529 transitu
2743 1475 2956 1529 Hanni-

1921 1557 2055 1611 balis
2078 1558 2226 1609 Poeni
2256 1556 2416 1627 Alpes
2439 1551 2603 1608 dictas
2629 1573 2739 1608 esse
2768 1555 2952 1609 Poeni-

1921 1656 2016 1690 nas
2042 1654 2057 1689 ε
2103 1633 2196 1689 sed
2240 1634 2501 1689 Penninas
2544 1634 2724 1704 potius
2769 1635 2835 1687 ab
2880 1653 2950 1688 eo

1923 1734 2080 1786 quem
2115 1733 2324 1768 summo
2357 1726 2556 1768 sacrato
2584 1715 2778 1767 vertice
2807 1715 2954 1767 Pen-

1921 1795 2110 1848 ninum
2123 1794 2359 1848 montani
2375 1793 2727 1865 appellabant.
2747 1793 2944 1847 Inscri-

1923 1875 2164 1946 ptionem
2211 1874 2376 1926 refert
2418 1873 2650 1944 Sponius
2670 1912 2686 1937 ,
2734 1872 2826 1926 lib.
2873 1871 2948 1926 de

1925 1954 2121 2026 ignotis
2141 1953 2272 2017 Diis,
2289 1971 2410 2025 pag.
2437 1971 2528 2006 ιη.
2551 1954 2686 2005 Duo.
2706 1952 2942 2006 Puuo.

1926 2034 2193 2087 Penninus
2234 2031 2417 2102 itaque
2453 2031 2703 2084 verticem
2743 2032 2944 2085 montis

1927 2123 2078 2167 sonat
2093 2152 2109 2177 ,
2134 2124 2194 2165 ut
2219 2109 2486 2182 hodieque
2505 2110 2650 2182 apud
2672 2111 2947 2164 Aremori-

1927 2210 2016 2246 co·
2046 2190 2233 2246 Gallio
2265 2191 2529 2264 populos,
2560 2192 2666 2242 Pon
2691 2202 2851 2262 caput
2889 2203 2946 2244 et

1925 2283 2107 2326 vertex
2130 2282 2224 2324 est.
2245 2269 2390 2336 Quid
2411 2268 2556 2342 quod
2575 2269 2710 2322 nihil
2735 2267 2806 2323 de
2827 2270 2947 2322 Po-

1925 2369 2121 2404 norum
2160 2351 2382 2403 transitu
2421 2349 2626 2403 Plinius
2654 2361 2912 2402 asseverat
2925 2389 2944 2414 ,

1927 2427 2020 2483 sed
2043 2430 2314 2500 vulgarem
2335 2429 2505 2482 solum
2527 2429 2720 2482 famam
2740 2428 2907 2481 refert
2924 2449 2940 2481 :

1925 2527 2026 2562 nec
2061 2509 2283 2562 obscure
2321 2507 2532 2571 innuit,
2573 2508 2673 2560 sibi
2709 2525 2818 2560 esse
2854 2508 2945 2560 in-

1927 2602 2258 2659 compertum
2275 2626 2294 2653 ‚
2323 2606 2456 2660 quos
2482 2589 2617 2642 fama
2640 2587 2732 2641 illa
2751 2587 2945 2642 Poenos

1923 2668 2221 2739 intelligat:
2265 2686 2396 2720 num
2428 2667 2776 2721 Hannibalem
2812 2686 2942 2721 cum

1927 2766 2022 2801 suo
2048 2747 2280 2802 exercitu
2295 2786 2310 2811 ,
2333 2766 2462 2800 num
2484 2765 2610 2800 vero
2635 2746 2944 2799 Hasdruba-

1927 2827 2065 2893 lem,
2095 2828 2187 2898 qui
2217 2824 2500 2879 duodecim
2531 2839 2654 2898 post
2685 2826 2838 2880 annis
2871 2844 2940 2880 ex

1925 2905 2176 2978 Hispania
2227 2906 2288 2957 in
2341 2905 2549 2959 Italiam
2598 2905 2758 2959 venit.
2805 2904 2942 2959 Illae

1927 2986 2166 3039 transisse
2212 2984 2566 3037 Hannibalem
2587 3024 2603 3049 ,
2651 2984 2745 3037 ubi
2786 3002 2942 3039 nunc

1928 3076 2013 3132 est,
2048 3064 2408 3135 Pignerolium
2449 3062 2748 3134 oppidum,
2781 3076 2955 3135 putat-

1925 3144 2046 3197 Nic.
2087 3143 2345 3207 Choria,
2372 3142 2464 3197 lib.
2497 3144 2610 3207 ΠΙ,
2645 3162 2766 3215 pag.
2801 3144 2934 3206 145.

1927 3220 2204 3276 Eruditam
2243 3220 2312 3275 de
2349 3240 2413 3275 eo
2465 3236 2772 3293 argumento
2805 3240 2937 3275 oon-

1925 3303 2266 3355 oertatiouem
2285 3302 2444 3354 habet
2464 3302 2668 3354 Honor.
2688 3302 2936 3367 Βοσαιιις,

1924 3381 2018 3433 lib.
2049 3382 2108 3445 1,
2135 3398 2249 3452 cap.
2282 3386 2342 3443 4,
2367 3397 2424 3450 p.
2457 3380 2567 3449 396
2585 3421 2599 3442 ‚
2625 3393 2724 3434 etc.
2749 3380 2932 3434 Hum.

1927 3488 2006 3501 —-
2026 3460 2279 3512 Nostrum
2306 3477 2520 3530 quoque
2539 3458 2715 3513 videas
2741 3458 2812 3512 de
2837 3460 2934 3513 Al-

1926 3538 2085 3609 pibus
2119 3539 2184 3591 ab
2218 3538 2514 3592 Hannibale
2552 3540 2804 3609 superatis
2838 3556 2933 3592 ex-

1926 3636 2166 3683 cursum,
2187 3629 2402 3671 auctore
2421 3617 2517 3670 Ph.
2545 3618 2628 3669 Du
2645 3618 2936 3672 Lamnu-

1928 3700 2124 3762 msnn,
2147 3697 2201 3749 iu
2219 3697 2300 3748 1v
2313 3696 2448 3749 Livii
2467 3698 2634 3749 nostri
2649 3710 2813 3751 tomo.
2824 3700 2931 3751 En.

2013 3799 2032 3829 1
2050 3799 2094 3830 ι.
2140 3776 2403 3848 Eporedia.
2449 3765 2700 3844 ὲκοριδία
2744 3776 2927 3830 Ptole·

1931 3873 2094 3922 maeo,
2120 3857 2176 3908 in
2207 3854 2446 3919 Salamis,
2470 3855 2564 3907 lib.
2592 3856 2676 3909 111
2697 3894 2712 3917 ,
2735 3875 2847 3928 cap.
2879 3874 2928 3910 1.

1928 3934 1982 3988 N
1985 3954 2087 3990 une
2110 3936 2488 4005 Lampvmggiv,
2510 3945 2564 3987 et
2583 3936 2750 4000 Iar-ea,
2773 3949 2824 3988 et
2850 3937 2932 3989 In·

1930 4034 2067 4081 urea,
2097 4014 2163 4069 ad
2198 4016 2415 4069 Durium
2450 4014 2721 4085 majorem.
2748 4014 2926 4069 ffinn.

2011 4114 2034 4148 1
2051 4114 2098 4147 2.
2135 4094 2439 4167 Sibyllinis...
2468 4097 2634 4163 jassaek.
2664 4096 2841 4149 Dalec.
2871 4108 2926 4148 et

1925 4174 2036 4225 Elz.
2095 4200 2118 4222 ι
2143 4173 2414 4243 Sibyllinis
2460 4174 2609 4226 libris
2647 4192 2674 4225 a
2721 4174 2928 4246 populo
