3300 5175
813 440 912 511 88

1339 444 1420 509 C.
1477 444 1822 513 PLINII
1874 443 2096 513 NAT.
2153 443 2412 510 HIST.
2478 464 2485 469 ·

813 571 1154 668 Oppidum
1187 572 1498 643 Sinuessa
1521 558 1592 658 ¹⁶,
1629 589 1998 644 extremum
2036 576 2104 643 in
2134 571 2393 667 adjecto
2412 570 2459 611 ¹⁷
2492 571 2719 658 Latio,
2744 594 2949 665 quam

811 678 1079 775 quidam
1119 678 1410 772 Sinopen
1446 678 1674 750 dixere
1709 682 2091 752 vocitatam.

923 786 1096 852 Hinc
1143 782 1299 853 felix
1341 784 1450 852 illa
1490 787 1857 881 Campania
1902 801 2021 857 est.
2073 784 2179 854 Ab
2229 780 2397 854 hoc¹
2438 785 2587 853 sinu
2624 784 2951 879 incipiunt

810 890 1056 960 vitiferi
1111 887 1349 979 colles,
1407 906 1476 959 et
1524 892 1908 965 temulentia
1961 886 2235 962 nobilis²
2282 913 2481 961 succo
2538 914 2659 984 per
2711 915 2953 959 omnes

813 1011 1024 1067 terras
1058 994 1342 1089 inclyt0,
1377 1012 1574 1091 atque
1615 988 1733 1091 (ut
1770 1014 2025 1070 veteres
2064 990 2324 1086 dixere)
2354 1020 2689 1065 summum
2722 997 2953 1065 Liberi

813 1104 1030 1173 Patris
1101 1127 1256 1171 cum
1309 1106 1554 1173 Cerere
1611 1121 1971 1175 certamen.
2030 1106 2204 1173 Hinc
2254 1087 2500 1172 Setini³
2556 1115 2625 1170 et
2676 1102 2951 1173 Caecubi

814 1194 1339 1303 protenduntur⁴
1383 1211 1542 1304 agri.
1563 1214 1700 1340 2¹³⁵
1722 1213 2097 1306 junguntur
2128 1194 2449 1293 Falerni⁵,
2488 1208 2739 1277 Caleni.
2768 1210 2949 1277 Dein

811 1328 1225 1409 consurgunt
1277 1300 1626 1403 Massici&

1680 1316 2045 1405 Gaurani⁷‚
2088 1258 2627 1409 Surrentinique⁸
2666 1329 2953 1385 montes.

903 1552 993 1601 ιδ.
1018 1547 1259 1603 Sinuessa.
1287 1548 1580 1620 Supersunt
1608 1550 1836 1623 ingentis
1921 1546 2957 1621 num‚oppidumqueFundanum.Hinc

817 1626 1008 1699 oppidi
1061 1626 1257 1681 rudera
1281 1666 1298 1693 ‚
1346 1648 1518 1701 prope
1561 1632 1834 1683 castellum

819 1708 980 1759 Bocca
1010 1708 1063 1759 da·
1084 1707 1447 1778 Mundo-agone:
1469 1706 1648 1762 medio
1667 1711 1835 1763 ferme

817 1786 1099 1841 intervallo
1135 1786 1274 1847 inter
1302 1788 1434 1840 ostia
1454 1787 1619 1853 Liris,
1661 1802 1715 1842 et
1744 1789 1835 1842 Sa·

819 1866 990 1919 vonis.
1021 1865 1204 1921 Livius
1229 1867 1333 1919 loc.
1367 1868 1457 1920 eit.
1486 1889 1508 1911 σι
1533 1867 1759 1935 Placuit,
1778 1880 1840 1921 ut

824 1944 944 1997 duoe
958 1945 1179 2000 coloniae
1201 1944 1620 1998 deducerentur:
1639 1966 1745 1999 una
1768 1946 1837 2001 ad

822 2023 1019 2076 ostium
1039 2024 1176 2082 Liris
1199 2025 1349 2085 fluvii
1365 2064 1380 2089 ,
1412 2042 1530 2097 quae
1548 2025 1840 2080 Minturnae

824 2103 1088 2175 appellata
1117 2124 1131 2155 ε
1158 2105 1321 2160 altera
1353 2104 1409 2156 in
1452 2104 1586 2157 saltu
1618 2105 1840 2159 Vestino

825 2178 1108 2235 Falernum
1132 2186 1476 2253 contingente
1499 2203 1682 2257 agrum
1703 2224 1719 2249 ,
1746 2184 1841 2237 ubi

825 2262 1030 2333 Sinope
1054 2260 1251 2315 dicitur
1281 2263 1464 2316 Groeca
1498 2264 1626 2315 urbs
1649 2263 1805 2317 fuisse
1825 2302 1841 2327 ,

825 2340 1072 2395 Sinuessa
1098 2340 1293 2396 deinde
1317 2344 1384 2395 ab
1413 2342 1618 2397 colonis
1647 2344 1843 2396 Roma·

825 2420 911 2473 nis
938 2420 1216 2491 appellata.
1256 2447 1278 2468 ι
1323 2422 1429 2479 En.

917 2515 1006 2568 17·
1049 2500 1112 2555 In
1142 2500 1348 2569 adjecto.
1383 2502 1450 2553 ln
1475 2518 1618 2553 novo
1648 2500 1803 2555 Latio
1822 2538 1841 2565 ‚

829 2576 978 2651 quod
989 2578 1152 2632 veteri
1160 2577 1473 2650 adjunctum
1488 2593 1582 2632 est.
1599 2580 1845 2636 Sinuessa

829 2657 1035 2729 alioqui
1075 2656 1134 2714 in
1171 2660 1407 2712 confinio
1438 2659 1576 2712 Latii
1615 2661 1843 2732 Campa-

829 2737 1042 2808 niaeque
1081 2738 1290 2807 posita,
1335 2739 1571 2792 alterutri
1591 2777 1606 2802 ‚
1653 2746 1715 2792 ut
1750 2739 1845 2806 fit,

831 2814 1206 2888 adjudicatur:
1231 2835 1375 2871 nuno
1405 2817 1624 2888 quidem
1659 2819 1843 2886 Latio;

833 2893 1136 2965 Campania
1147 2935 1165 2960 ,
1196 2895 1292 2949 lib.
1315 2897 1502 2949 XXXI
1517 2937 1534 2963 ,
1557 2916 1674 2968 cap.
1702 2905 1753 2961 4.
1774 2897 1845 2962 H.

921 2992 968 3027 1.
1007 2974 1095 3026 Ab
1124 2977 1215 3026 hoe
1243 2979 1366 3028 sinu.
1422 2977 1505 3029 Ab
1538 2980 1642 3030 hoo
1683 2989 1845 3030 terra·

831 3071 954 3106 rum
993 3066 1163 3108 tractu
1185 3093 1202 3116 ‚
1251 3073 1358 3129 quo
1397 3055 1606 3108 Latium
1643 3076 1847 3110 novum

833 3130 1064 3186 diximus
1081 3134 1358 3186 contineri.
1377 3141 1532 3188 Hunc
1545 3136 1723 3198 locum
1736 3155 1846 3189 non

833 3211 1090 3264 intellexit
1106 3213 1361 3272 Camillus
1381 3213 1588 3286 Peregr.
1611 3215 1703 3286 qui
1724 3235 1847 3269 mox

831 3289 1114 3359 legendum
1134 3293 1364 3358 censuit,
1392 3293 1524 3344 Hinc
1551 3289 1608 3339 V
1598 3297 1771 3359 escim‘,
1798 3307 1853 3346 et

838 3367 1041 3422 Coedieis·
1052 3408 1069 3434 ,
1098 3390 1198 3442 pro
1215 3371 1387 3434 Setini,
1417 3384 1464 3423 et
1487 3373 1705 3438 Coecubi,
1724 3392 1842 3444 pag.

845 3463 954 3516 ¹²9
985 3459 1038 3500 et
1073 3450 1196 3512 143.
1223 3450 1406 3502 Hann.

922 3544 972 3580 2.
1015 3527 1207 3580 Nobilis
1246 3547 1401 3580 succo.
1463 3528 1578 3582 Elz.
1622 3531 1805 3592 nobiles
1826 3571 1865 3594 ,,

834 3624 990 3656 sacco.
1019 3607 1124 3658 En.

917 3681 971 3735 3.
1020 3682 1202 3748 Setini,
1231 3697 1281 3735 et
1314 3685 1521 3738 Coecubi.
1545 3687 1624 3739 Ab
1647 3686 1851 3760 oppido

833 3762 974 3815 Latii
985 3763 1107 3816 novi
1114 3763 1276 3833 ,quod
1287 3767 1440 3839 Σητὶα
1449 3766 1653 3818 Ptolem
1659 3767 1849 3831 aeo,1ib.

833 3843 1058 3913 H1,cap.
1085 3861 1102 3895 ι
1115 3882 1130 3906 ,
1144 3841 1359 3907 dicitur,
1373 3863 1516 3896 nunc
1527 3845 1701 3912 seua,
1714 3847 1847 3899 Seti-

829 3939 932 3972 nus
959 3938 1112 3992 ager:
1138 3922 1426 3986 Coecubus,
1451 3941 1481 3974 a
1503 3924 1730 3977 Coecubo
1752 3945 1845 3997 op-

829 3998 983 4067 pido,
1006 3999 1150 4072 quod
1184 4005 1238 4052 τὸ
1269 3999 1544 4054 Καικοῦὅον
1567 4002 1839 4070 Straboni,

1926 1631 2043 1683 vina
2078 1630 2256 1685 Setina
2283 1642 2335 1685 et
2364 1630 2621 1693 Caeouln,
2656 1626 2725 1681 de
2756 1627 2955 1698 quihus

1923 1709 2022 1763 lib.
2044 1710 2198 1770 xlv,
2236 1726 2350 1778 cap.
2380 1709 2434 1761 8.
2458 1707 2611 1761 setin
2630 1706 2793 1760 situm
2810 1706 2957 1759 Mar-

1924 1788 2062 1842 tialis
2078 1786 2285 1846 edocet,
2310 1786 2406 1840 lib.
2422 1788 2588 1854 xm,
2612 1786 2797 1857 Epigr.
2824 1803 2955 1854 ¹09·

1933 1894 1956 1915 ι
1978 1865 2215 1920 Pendula
2242 1866 2554 1936 Pomptinos
2589 1885 2709 1937 qun
2748 1876 2955 1936 spectat

1926 1944 2071 2001 Setia
2088 1964 2322 2017 campos.
2346 1972 2368 1993 ι
2397 1946 2584 1999 Ham).

2009 2032 2065 2090 4.
2112 2026 2485 2077 Protendumun
2532 2024 2623 2077 Sic
2657 2024 2715 2076 in
2762 2022 2953 2077 Chiffl.

1929 2104 2140 2167 codicem
2180 2104 2324 2176 apud
2353 2104 2655 2176 Dalecamp.
2688 2115 2743 2156 et
2766 2104 2959 2157 Elzev.

1928 2183 2263 2237 obtenduntur.
2290 2185 2395 2237 En.

2015 2263 2068 2317 5.
2125 2262 2329 2315 Falerni
2350 2304 2367 2327 ,
2434 2262 2629 2315 Caleni.
2696 2262 2961 2315 Falernus

1931 2361 2052 2415 ager
2074 2360 2103 2395 a
2124 2342 2333 2397 Massici
2348 2342 2547 2395 montis
2566 2340 2862 2404 radicibus,
2884 2340 2959 2394 de

1931 2440 2040 2495 quo
2066 2440 2222 2487 mox,
2246 2423 2302 2475 in
2324 2422 2486 2475 latam
2512 2422 2790 2493 planitiem
2811 2439 2827 2474 :
2852 2419 2955 2473 Ca-

1930 2502 2081 2555 lenus
2096 2519 2128 2553 a
2150 2500 2346 2555 Caleno
2366 2500 2599 2575 oppido,
2615 2520 2761 2554 nunc
2787 2500 2959 2569 Calvi,

1930 2582 2067 2636 citra
2106 2579 2339 2658 Capuam
2356 2619 2374 2648 ,
2408 2601 2593 2636 versus
2620 2579 2959 2652 septemtrio-

1930 2679 2061 2728 nem
2091 2661 2529 2734 protendebatur.
2558 2662 2744 2714 uum.

2012 2747 2064 2794 6.
2082 2741 2298 2795 Massici.
2325 2741 2482 2794 Nunc
2506 2741 2675 2793 Monte
2705 2739 2955 2804 Marsico,

1932 2820 2059 2873 vino
2084 2838 2183 2873 suo
2209 2820 2429 2885 nobilis,
2446 2818 2593 2892 quod
2615 2819 2958 2872 Mun-atellam

1930 2898 2121 2952 incola
2158 2911 2367 2958 vocant.
2412 2895 2541 2952 Pars
2578 2900 2719 2952 illius
2758 2899 2961 2951 montis

1934 2989 2162 3031 extrema
2176 3016 2192 3042 ‚
2222 2979 2383 3031 Rocoa
2410 2980 2465 3032 di
2488 2979 2830 3049 Mundi-agone
2845 3017 2862 3040 ‚
2884 2975 2961 3030 de

1934 3074 2039 3128 qua
2069 3057 2229 3127 paulo
2269 3071 2435 3112 antea.
2464 3059 2533 3110 H.
2566 3091 2649 3104 -
2679 3059 2807 3112 Ηεοο
2838 3057 2957 3110 lom

1934 3148 1987 3188 et
2016 3137 2269 3192 Falernus
2286 3156 2441 3208 ager,
2466 3156 2614 3190 nuno
2641 3138 2873 3192 maxima
2890 3154 2959 3188 ex

1932 3229 2083 3286 parte
2120 3215 2317 3270 sterilia
2368 3229 2489 3270 sunt
2508 3256 2525 3282 ,
2558 3217 2636 3272 ibi
2676 3231 2855 3270 tamen
2890 3213 2959 3268 fit

1906 3293 2106 3349 ⁴adhue
2144 3295 2335 3349 vinum
2368 3315 2477 3350 non
2516 3295 2737 3352 insuave
2755 3335 2773 3364 ,
2801 3295 2847 3348 si
2884 3295 2959 3348 sit

1930 3387 2097 3427 vetus.
2120 3374 2225 3427 En.

2011 3473 2065 3522 7.
2130 3453 2370 3508 Gaurani.
2412 3455 2607 3518 Vibius
2658 3455 2785 3528 Seq.
2833 3472 2959 3526 pag.

1937 3533 2088 3595 343:
2125 3533 2322 3588 Gaurus
2362 3553 2493 3587 mom·
2538 3535 2847 3606 Campanioe.
2870 3533 2960 3587 sic

1933 3610 2093 3665 etiam
2133 3613 2252 3668 Liv.
2292 3613 2435 3668 libro
2468 3615 2610 3682 vn,
2646 3615 2823 3687 capite
2860 3613 2958 3667 32.

1932 3689 2089 3744 Nunc
2116 3692 2283 3746 Monte
2303 3693 2528 3746 Barbara
2544 3734 2560 3757 ‚
2590 3695 2733 3747 inter
2758 3694 2960 3747 Puteo·

1932 3769 2038 3835 los,
2076 3783 2127 3823 et
2162 3773 2457 3826 Lucrinum
2499 3773 2697 3826 laeum.
2743 3773 2959 3826 Camill.

1930 3849 2135 3918 Pei-egr.
2160 3869 2283 3922 pag.
2313 3853 2442 3906 231.
2472 3851 2657 3908 Banu.

2012 3931 2065 3982 8.
2088 3927 2375 3984 Surrentini.
2411 3932 2525 4002 Qui
2568 3931 2833 3985 Surrento
2863 3951 2965 4003 op·

1929 4005 2057 4077 pido
2085 4009 2391 4080 imminent,
2416 4011 2486 4068 de
2510 4031 2620 4082 quo
2645 4030 2795 4064 mox.
2815 4012 2963 4080 Hine

825 4077 922 4130 lib.
935 4079 1009 4142 V,
1038 4099 1092 4150 p.
1125 4078 1264 4147 233,
1283 4080 1418 4134 inter
1437 4081 1745 4137 Caietanum
1768 4085 1835 4136 si·
1925 4086 2049 4140 vina
2084 4086 2417 4159 Surrentina,
2462 4089 2529 4144 de
2569 4091 2767 4164 quibus
2811 4091 2959 4144 Plin.
