3300 5175
773 563 909 635 232

1321 565 1403 631 C.
1457 565 1795 636 PLINII
1842 567 2055 636 NAT.
2108 566 2365 635 HIST.

773 699 1021 794 regio²¹
1060 696 1144 766 ab
1197 699 1494 767 Homero
1553 699 1935 795 Araethyrea
2004 699 2181 769 dicta
2206 753 2227 786 ‚
2281 713 2512 795 postea
2578 702 2816 797 Asopis
2844 692 2914 772 ²³.

884 804 1054 874 Inde
1088 802 1388 874 Eliorum
1420 804 1637 900 ager,
1681 807 1795 900 qui
1836 820 2030 876 antea
2064 807 2231 902 Epei
2270 806 2740 876 vocabantur·
2773 811 2919 904 ipsa

771 913 970 984 Elis
952 939 1020 981 in
1058 911 1580 995 mediterraneo,-
1619 926 1689 980 et
1735 937 1777 981 a
1830 912 2031 1006 Pylo²
2086 937 2196 982 111
2244 936 2325 984 M.
2374 935 2692 1008 passuum
2740 915 2919 984 intus

773 1019 1128 1088 delubrum
1157 1016 1450 1113 Olympii
1466 1023 1505 1088 J
1507 1004 1687 1088 ovis
1690 1017 2035 1107 ‚ludorum
2062 1018 2357 1088 claritate
2375 1019 2579 1090 fastos
2600 1021 2879 1092 Graeciae

2891 1008 2921 1052 4

773 1125 1217 1221 complexum.
1277 1109 1675 1194 Pisaeorum⁵
1734 1124 2071 1220 quondam
2104 1124 2468 1220 oppidum,
2524 1126 2917 1256 praefluente

769 1232 1033 1328 Alpheo
1087 1255 1301 1300 amne.
1359 1235 1453 1300 At
1501 1233 1568 1299 in
1611 1254 1757 1300 ·ora
1811 1233 2345 1328 promontorium
2388 1218 2729 1327 Ichthys‘fi
2762 1238 2918 1303 Am-

771 1342 875 1410 nis
906 1336 1238 1434 Alpheus⁷
1275 1338 1628 1432 navigatur
1663 1361 1740 1407 Ἦ
1787 1363 1957 1435 pass.
2002 1335 2161 1408 mill.
2204 1361 2417 1433 prope
2456 1339 2741 1433 oppida,
2780 1342 2920 1410 Au-

851 1521 945 1554 22.
989 1500 1116 1570 ρατι-
1155 1500 1305 1568 regio.
1349 1496 1582 1551 Phliasia
1616 1495 1759 1552 dicta
1782 1537 1801 1566 ,

769 1581 983 1634 Φλιασία
1027 1578 1314 1643 Straboni,
1347 1576 1445 1630 lib.
1477 1578 1648 1642 VIII,
1678 1597 1797 1649 pag.

774 1661 884 1713 382
903 1699 920 1726 ,
949 1677 1112 1731 quam
1151 1670 1204 1711 et
1230 1656 1614 1727 Aroethyraeam
1650 1658 1803 1732 prius

769 1740 1088 1811 appellatam
1108 1737 1308 1791 scribit.
1327 1737 1546 1790 Homeri
1562 1737 1711 1790 locus
1724 1749 1804 1790 est

771 1817 928 1872 Iliad.
955 1820 1011 1873 11
1031 1818 1088 1870 in
1116 1816 1402 1888 Catalogo,
1426 1836 1481 1870 v·
1511 1835 1607 1886 77,
1637 1835 1801 1888 quem

773 1912 826 1953 et
849 1897 1127 1951 Pausanias
1147 1897 1338 1962 refert,
1351 1895 1592 1950 Corinth.
1607 1897 1704 1952 lib.
1722 1897 1797 1960 11,

773 1977 1268 2050 pag.1o7.Hum.

859 2058 950 2110 23.
982 2057 1182 2125 Asopis.
1216 2047 1459 2120 Ᾰσωπία,
1501 2055 1803 2123 Pausauiss,

772 2133 1022 2191 Corinth.
1042 2137 1135 2189 lib.
1156 2136 1232 2201 11,
1253 2153 1371 2206 pag.
1404 2134 1494 2190 85.
1517 2149 1570 2188 et
1593 2137 1805 2188 Strabo-

773 2217 858 2282 ni,
889 2217 1012 2270 loco
1050 2215 1233 2270 citato.
1260 2215 1476 2286 Asoplu's
1498 2215 1648 2287 prius
1676 2233 1803 2286 per-

773 2315 960 2369 peram
984 2297 1276 2368 legebatur.
1295 2295 1482 2348 Hsnn.

865 2397 913 2430 1.
965 2377 1191 2428 Eliorum
1237 2394 1372 2444 ager.
1432 2373 1653 2437 Strabo,
1706 2373 1800 2428 lib.

775 2455 936 2520 VIII,
949 2475 1005 2527 p.
1031 2457 1181 2517 340:
1213 2454 1380 2525 ὕςιρον
1405 2450 1459 2506 δ’
1477 2455 1589 2507 ἀντ’
1608 2443 1799 2508 Ἐπειῶν

775 2525 942 2590 Ἠλεῖοι
974 2535 1262 2592 cao-eiwon.
1292 2533 1521 2604 Hesych.
1555 2553 1610 2606 p.
1645 2535 1799 2599 348.

774 2606 966 2682 Ἐπειοὶ,
1002 2617 1044 2669 οἱ
1070 2606 1190 2669 mei·
1190 2635 1266 2678 οι,
1280 2619 1365 2668 καὶ
1391 2616 1434 2666 οἱ
1457 2615 1799 2685 πλησιόχωροι.

775 2698 900 2767 Ipsa
925 2696 1054 2749 urbs
1075 2676 1190 2755 ἷίλις
1219 2693 1801 2761 Ptolemaeo,lih.111‚

776 2795 894 2847 cap.
926 2780 1012 2835 16,
1039 2773 1362 2844 eaeterisque.
1380 2772 1560 2827 Hum.
1585 2805 1671 2819 —-
1696 2774 1798 2826 Pa·

777 2856 993 2926 loeopolis
1030 2852 1197 2907 hodie
1241 2850 1463 2917 dicitur,
1496 2850 1565 2905 ad
1599 2842 1801 2925 paguin

781 2934 856 2988 Ca
859 2937 992 3001 livia,
1011 2933 1080 2986 ad
1098 2933 1332 2987 Peneum
1349 2930 1515 2987 hodie
1534 2933 1597 2986 R.
1619 2932 1805 2988 deGa-
1871 2928 1879 2936 ’

665 3024 668 3027 ’
775 3018 952 3068 sionni.
975 3016 1079 3067 Eu.

862 3116 913 3149 2.
953 3095 1011 3149 A
1039 3093 1188 3165 Pylo.
1225 3094 1354 3147 Haec
1395 3092 1556 3166 Pylos
1594 3092 1799 3162 Eli-ca,

773 3193 870 3229 seu
893 3174 1281 3244 Thriphyliaca
1304 3174 1566 3245 appellata
1582 3173 1803 3228 Strabo-

776 3255 866 3321 ni,
890 3255 987 3309 lib.
1010 3255 1174 3318 VIII,
1197 3272 1320 3325 pag.
1362 3252 1470 3308 351
1513 3271 1527 3306 :
1575 3256 1599 3305 ὁ
1637 3255 1801 3319 Πύλος

776 3324 1046 3399 Ἠλειακὸς,
1086 3334 1466 3403 ἢΤριφυ).ια.κός.
1483 3332 1550 3387 Η.
1567 3334 1804 3387 -Νοῃ-

773 3414 924 3467 nulla
941 3414 1280 3485 reperiuntur
1301 3415 1414 3483 ejus
1432 3412 1626 3467 rudera
1648 3416 1801 3484 juxta

775 3493 955 3547 vicum
991 3493 1241 3557 Tcloelebi,
1273 3490 1342 3545 ad
1369 3491 1642 3546 Ludonem
1660 3532 1677 3561 ,
1704 3492 1800 3566 qui

772 3574 832 3625 in
859 3572 1094 3625 Peneum
1123 3572 1316 3625 influit.
1341 3573 1446 3625 En.

858 3651 911 3705 3.
931 3652 1149 3723 Olympii
1165 3652 1315 3704 Iovis.
1337 3650 1530 3704 Studiis
1550 3653 1617 3704 ab
1641 3650 1799 3705 Elide

773 3732 1038 3794 trecentis,
1074 3732 1284 3794 Strabo,
1303 3731 1561 3792 lib-VIII,
1581 3748 1636 3801 p.
1663 3730 1798 3796 353,

771 3812 879 3865 hoc
896 3824 979 3865 est
994 3851 1010 3877 ‚
1033 3830 1171 3882 pass.
1191 3810 1324 3863 mill.
1339 3828 1551 3876 xxxvu,
1567 3822 1620 3863 et
1638 3810 1799 3882 quin-

755 3892 942 3963 -gentis
960 3910 1096 3964 pass,
1123 3890 1303 3944 Ham).
1329 3922 1410 3931 —
1433 3890 1800 3961 Reperiuntur

771 3974 884 4041 ejus
931 3970 1122 4027 rudera
1145 4012 1161 4036 ‚
1213 3988 1314 4023 nec
1356 3988 1464 4023 non
1506 3971 1797 4024 Pisaeorum

771 4052 987 4123 oppidi,
1010 4050 1159 4123 quod
1181 4052 1386 4105 rivulus
1413 4052 1480 4103 ab
1507 4050 1795 4122 Olympico

771 4149 961 4202 campo
986 4131 1322 4202 sejungebant,
1349 4129 1419 4185 ad
1437 4130 1678 4184 dextram
1702 4130 1795 4183 Al-

769 4210 916 4281 phei,
942 4211 1102 4266 hodie
1136 4213 1367 4283 Orphea,
1402 4212 1513 4266 sive
1543 4212 1796 4283 Bouphia,

1884 1497 2090 1569 ripam,
2108 1499 2261 1568 juxta
2290 1516 2486 1568 pagum
2520 1497 2763 1554 Antilalo.
2806 1501 2912 1554 En.

1969 1583 2021 1640 4.
2052 1577 2231 1630 Festos
2256 1577 2485 1632 Groecae‘oe.
2506 1578 2914 1651 Olympicorum

1884 1657 2031 1712 enim
2078 1655 2332 1713 ludorum
2385 1658 2679 1726 beneflcio,
2727 1671 2917 1716 exacta

1884 1736 2229 1808 postmodum
2250 1737 2442 1790 notitia
2482 1750 2788 1809 temporum
2814 1727 2916 1793 ob-

1884 1830 2119 1871 servata:
2142 1833 2243 1888 per
2266 1815 2617 1889 Olympiadas
2632 1817 2880 1890 deinceps
2894 1857 2919 1885 ,

1886 1894 2033 1967 quod
2086 1895 2319 1967 spatium
2372 1915 2638 1950 annorum
2687 1910 2919 1970 quatuor

1886 1975 2016 2041 fuit,
2039 1975 2321 2048 compositi
2345 1975 2681 2050 ordinatique
2701 1979 2841 2045 fasti,
2855 1979 2917 2034 in

1888 2056 2083 2128 quibus
2095 2073 2181 2109 res
2202 2068 2359 2130 geste
2374 2069 2427 2110 et
2448 2056 2673 2128 insignia
2690 2077 2917 2131 quaque

1890 2136 2065 2188 notari
2147 2148 2555 2191 consueverunt.
2632 2137 2915 2192 Ludorum

1889 2214 2144 2269 Hercules
2170 2221 2354 2269 auctor
2377 2233 2391 2268 :
2414 2216 2737 2271 instaurator
2760 2219 2917 2290 Iphi-

1887 2307 1975 2348 tus
2025 2295 2364 2348 existimatus.
2413 2295 2693 2367 Olympias
2738 2298 2917 2369 prima

1887 2376 2048 2447 coepit
2066 2376 2221 2428 annis
2239 2375 2478 2448 quinque
2497 2388 2549 2429 et
2560 2377 2778 2448 triginta
2789 2389 2919 2432 ante

1885 2457 2114 2508 Romam
2137 2453 2428 2509 conditam.
2456 2455 2640 2509 Hsnn.

1970 2534 2022 2590 5.
2068 2534 2357 2589 Pisoeorum.
2383 2534 2511 2589 Vet.
2550 2532 2695 2607 apud
2727 2537 2913 2591 Delec-

1884 2616 2007 2668 Pisa
2052 2634 2213 2667 eorum
2265 2616 2521 2688 quondam.
2566 2616 2739 2673 Aliis·
2789 2619 2921 2670 Pisa

1890 2694 2178 2749 OEnomam’
2215 2696 2473 2768 quondam.
2508 2696 2611 2749 En.
2655 2732 2737 2743 —
2775 2699 2920 2753 Πίσα.

1882 2776 2021 2837 πόλις
2040 2778 2130 2837 τῆς
2161 2765 2451 2847 ὀλυμπίοις,
2477 2774 2765 2847 Stephano.
2785 2777 2917 2831 Pto-

1883 2856 2101 2923 lemoeO,
2131 2844 2369 2927 ὀλυμπῖα.
2396 2857 2559 2918 Πίσα,
2590 2856 2687 2910 lib.
2712 2857 2834 2923 III,
2860 2876 2914 2913 c.

1892 2938 1985 2993 16.
2012 2935 2210 2988 Deleta
2230 2935 2379 2989 urbis
2410 2936 2571 2988 situm
2598 2954 2919 3007 causamque

1885 3012 2081 3069 excidii
2101 3012 2353 3069 describit
2367 3015 2680 3068 Pausanias'
2664 3035 2722 3068 m
2742 3016 2913 3071 Eliac.

1884 3108 2006 3166 post
2028 3094 2123 3147 lib.
2140 3095 2240 3158 VI,
2260 3112 2319 3165 p.
2350 3094 2483 3151 386.
2511 3096 2677 3167 Regio
2698 3096 2915 3159 IIwoe'rte

1886 3174 2156 3240 Straboni,
2179 3174 2274 3227 lib.
2299 3175 2438 3227 VIII
2454 3214 2469 3241 ,
2496 3194 2617 3248 pag.
2648 3174 2781 3243 356,
2818 3176 2916 3248 qui

1884 3254 2034 3307 urbis
2070 3252 2268 3308 rudera
2314 3252 2458 3308 inter
2492 3254 2627 3308 duos
2672 3268 2909 3320 montes,

1884 3320 2069 3387 Ossam
2091 3347 2146 3388 et
2164 3334 2458 3408 Olympum
2475 3346 2680 3389 exstare
2692 3336 2913 3409 quihus-

1884 3412 2006 3467 dam
2048 3412 2344 3479 creditum,
2382 3415 2557 3468 Pisam
2596 3415 2761 3468 ullam
2790 3434 2913 3467 um-

1884 3512 2045 3569 quam
2097 3493 2357 3547 exstitisse
2392 3506 2644 3566 negatum
2686 3495 2753 3549 ab
2795 3495 2916 3548 aliis

1884 3571 2063 3627 tradit.
2090 3574 2276 3627 Ham).

1968 3658 2023 3708 6.
2047 3654 2262 3723 Ichthys.
2295 3642 2431 3721 Ῐχθὺς
2474 3654 2604 3724 ἄκρα.
2638 3653 2696 3705 in
2732 3652 2919 3723 Elide,

1882 3734 2033 3803 juxta
2053 3733 2250 3805 Alphei
2276 3734 2437 3793 ostis,
2462 3733 2794 3796 Ptolemaeus,
2811 3732 2912 3787 lib.

1886 3812 2007 3879 ΠΙ,
2053 3830 2171 3883 cap.
2220 3816 2307 3867 16.
2357 3811 2537 3867 Hodie
2578 3813 2719 3884 capo
2760 3812 2916 3866 Caea-

1858 3924 1869 3943 ι
1886 3892 2009 3945 colo.
2044 3892 2150 3946 En.

1966 3990 2024 4042 7.
2064 3972 2303 4043 Αζοήεω.
2330 3970 2579 4026 Pax-men.
2606 3967 2738 4025 edit.
2763 3994 2785 4015 ·
2809 3970 2915 4024 Al-

1884 4050 2053 4123 pheus
2063 4052 2340 4124 navigatur
2359 4068 2532 4124 prope
2545 4070 2634 4104 sex
2649 4050 2867 4123 oppida.
2879 4078 2907 4100 ι

1885 4131 1963 4184 At
1990 4129 2190 4203 oppida
2221 4130 2330 4185 duo
2358 4143 2569 4185 tantum
2592 4148 2914 4185 enumeran-

1884 4224 1989 4265 tur.
2014 4210 2409 4283 Dalecampius,
2429 4214 2690 4281 nava'game·
2706 4214 2757 4264 in
2770 4216 2919 4283 oppi-
