3300 5175
791 525 934 578 110

1318 506 1394 573 C.
1452 503 1798 572 PLINII
1853 503 2088 572 NAT..
2131 504 2385 572 HIST.

779 623 1040 737 patent⁴
1074 621 1297 705 κινεῖς
1318 657 1398 706 11.
1437 659 1607 731 pass.
1641 621 1940 706 Absunt⁶
1975 659 2015 705 a
2044 637 2290 706 Dianio
2323 637 2758 731 septingentis
2797 649 2926 704 sta-

782 747 945 816 diis:
976 741 1251 813 totidem
1276 743 1589 816 Dianium
1618 767 1742 837 per
1763 745 2217 814 continentem
2236 767 2276 812 a
2289 741 2698 836 Carthagine
2718 765 2916 810 nova.

781 849 1227 921 Tantumdem
1250 849 1273 890 ⁷
1316 871 1358 916 a
1393 851 1673 944 Pityusis
1707 853 1773 919 in
1813 847 2058 934 altum,
2094 833 2436 918 Baleares⁸
2468 848 2652 933 duae,
2691 863 2758 917 et
2801 853 2924 918 Su·

779 955 1080 1030 cronem⁹
1098 978 1325 1025 versus
1342 953 1756 1026 Colubraria.
1785 955 2088 1026 Baleares
2108 953 2314 1024 funda
2339 954 2715 1043 bellicosas,
2731 957 2919 1025 Grae·

782 1069 843 1136 ci
869 1065 1265 1159 Gymnasias
1290 1061 1531 1132 dixere.
1559 1064 1784 1156 Major
1799 1061 1849 1088 ¹⁰
1873 1078 2140 1132 centum
2170 1087 2248 1133 Μ.
2270 1087 2440 1158 pass.
2469 1057 2880 1154 longitudine
2898 1113 2922 1147 ‚

866 1296 922 1353 4.
968 1289 1149 1340 Patent
1194 1285 1401 1339 XLVI.
1450 1285 1635 1340 Ebuso
1681 1285 1814 1353 uni,
1875 1277 1892 1286 ἒ

786 1387 905 1441 qum
947 1367 1186 1438 gemina,
1233 1384 1264 1418 a
1310 1365 1487 1419 Plinio
1536 1363 1812 1436 proditur,

790 1461 991 1503 tantam
1020 1443 1430 1518 amplitudinem
1448 1485 1463 1510 ,
1500 1457 1660 1516 atque
1684 1443 1817 1498 adeo

792 1533 1046 1595 maiorem
1069 1564 1084 1587 ‚
1134 1525 1320 1579 Strabo
1358 1521 1630 1596 adjudicat
1661 1563 1676 1589 ,
1717 1525 1815 1578 lib.

787 1609 874 1662 111
890 1647 909 1674 ‚
955 1625 1075 1678 pag.
1120 1609 1255 1676 1673
1294 1621 1488 1677 nempe
1526 1603 1816 1658 stadiorum

790 1707 919 1742 ecco
938 1688 1045 1740 hoc
1061 1699 1161 1748 est,
1183 1705 1235 1738 1..
1258 1703 1326 1738 u.
1355 1703 1490 1756 pass.
1508 1684 1819 1755 Agatheme·

791 1788 883 1821 rus
899 1805 915 1827 .
934 1765 1237 1837 Geograph.
1256 1764 1353 1817 lib.
1369 1765 1424 1830 1,
1446 1781 1564 1834 cap.
1584 1763 1613 1816 5
1631 1805 1647 1830 ,
1661 1765 1822 1835 gemi-

790 1867 944 1913 nam,
970 1858 1031 1899 ut
1070 1843 1274 1898 Plinius
1289 1881 1307 1909 ,
1345 1844 1581 1896 Ebusum
1624 1846 1774 1897 novit
1801 1862 1816 1897 τ

792 1927 1049 2000 majorem
1067 1923 1614 1988 trecentis,minorem
1634 1923 1818 1977 stadiis

792 2021 1005 2061 centum
1033 2017 1328 2076 porrectam
1351 2022 1364 2057 ε
1386 2000 1444 2055 id
1462 2001 1607 2073 quod
1629 2001 1818 2057 eodem

793 2085 1004 2141 recidit.
1035 2085 1219 2138 ΒΑΜ).
1254 2111 1335 2124 —-
1364 2085 1443 2136 Re
1489 2095 1666 2135 autem
1694 2102 1820 2136 vera

792 2185 957 2221 xxxrv
986 2183 1051 2219 st.
1072 2181 1207 2238 pass.
1231 2163 1341 2217 sive
1358 2179 1579 2216 ccum
1611 2162 1818 2228 stadiis,

791 2259 976 2317 patent
1005 2245 1189 2300 insulae
1226 2245 1363 2307 isto,
1386 2260 1417 2294 a
1446 2244 1820 2313 promontorio

791 2324 1209 2398 septemtrionali
1232 2321 1397 2376 Ebusi
1414 2361 1429 2386 ‚
1448 2321 1613 2374 Puma
1633 2323 1820 2376 deSer-

794 2428 850 2458 ra
868 2405 1041 2470 dicto,
1086 2403 1153 2458 ad
1197 2403 1422 2456 australe
1460 2401 1820 2456 For-mentera

790 2484 1222 2560 promontorium
1241 2521 1257 2544 ‚
1278 2481 1445 2534 Puma
1457 2481 1517 2532 de
1530 2483 1579 2534 la
1594 2483 1820 2554 Aug-uile

792 2577 978 2621 vocato
993 2585 1009 2631 ;
1022 2581 1215 2634 nempe
1236 2562 1445 2615 Ebusus
1461 2579 1577 2615 xxn
1600 2579 1663 2616 ιι.
1685 2579 1817 2634 pass.

792 2666 885 2699 seu
924 2663 1119 2699 chxvx
1168 2640 1383 2706 stadiis;
1430 2640 1625 2694 fretum
1671 2662 1703 2692 v
1751 2641 1843 2697 κύ

792 2744 930 2797 pass.
964 2742 1055 2778 seu
1075 2741 1143 2777 xl.
1174 2720 1373 2785 stadiis,
1400 2734 1451 2773 et
1474 2720 1515 2772 F
1518 2734 1821 2776 ermentera

792 2824 879 2859 vn
904 2822 966 2858 st.
996 2822 1129 2876 pass.
1152 2820 1244 2855 seu
1277 2818 1369 2853 Lvt
1394 2790 1589 2853 stadiis.
1610 2802 1717 2855 En.

878 2886 933 2940 5.
951 2884 1015 2937 Χ
1012 2884 1115 2935 LV
1108 2884 1143 2935 1
1143 2914 1165 2933 .-
1175 2880 1263 2933 Sic
1278 2878 1422 2951 apud
1436 2876 1617 2934 Chiffl.
1635 2882 1815 2935 Dalec.

792 2980 846 3020 et
874 2967 991 3019 Elz.
1020 2962 1231 3015 XLIII.
1253 2962 1357 3014 En.

876 3048 928 3099 6.
962 3043 1161 3097 Absum
1204 3062 1234 3091 α
1282 3042 1469 3092 Dianio
1508 3046 1818 3111 septingentis

792 3126 982 3178 stadiis.
1024 3122 1201 3177 Dalec.
1242 3136 1295 3174 et
1321 3122 1433 3173 Elz.
1464 3120 1676 3173 Dionea.
1707 3122 1818 3174 Ho-

792 3206 883 3260 die
908 3206 1069 3256 Dem'a
1092 3241 1109 3265 ,
1138 3199 1405 3273 Hispania
1430 3199 1692 3271 oppidum
1710 3240 1725 3267 ‚
1762 3202 1818 3254 in

793 3304 888 3338 ora
902 3302 1019 3356 qua.-
1042 3282 1269 3354 Pityusis
1288 3281 1595 3352 opponitur,
1619 3281 1816 3351 septin-

792 3378 1073 3437 gentorum
1096 3359 1385 3415 stadiorum
1404 3400 1419 3423 ‚
1434 3372 1494 3429 ut
1516 3360 1707 3413 Noster
1725 3362 1818 3425 ait,

794 3463 885 3497 seu
932 3442 1088 3495 unius
1130 3439 1329 3513 gradus
1370 3442 1676 3504 intervallo,
1711 3442 1820 3493 sive

796 3542 897 3577 xxv
918 3523 1081 3575 leucis
1093 3520 1308 3592 gallicis.
1331 3518 1486 3572 Errat
1510 3532 1686 3573 autem
1711 3518 1819 3572 Pli-

792 3604 944 3668 nius,
968 3618 1141 3673 quum
1164 3598 1317 3653 addit
1359 3600 1555 3651 totidem
1572 3598 1818 3652 'Dianium

788 3698 879 3755 pen
917 3685 1228 3734 continentem
1256 3700 1287 3731 a
1317 3678 1615 3750 Carthagine
1669 3700 1786 3733 nova
1799 3701 1820 3743 ,⁸

792 3780 917 3816 nam
964 3765 1075 3815 x‘rn
1122 3756 1284 3812 leucis
1327 3777 1439 3812 non
1479 3758 1707 3831 amplius
1747 3772 1822 3813 est

793 3841 1129 3897 intervallum
1157 3836 1316 3893 istud.
1338 3838 1441 3891 En.

877 3942 928 3993 7.
960 3920 1291 3979 ,Tantumdem
1332 3938 1363 3969 α
1401 3918 1618 3991 Pityust's
1659 3921 1710 3970 in
1745 3920 1820 3970 a!-

796 4016 911 4056 eum·
946 4004 1103 4055 Errat
1130 4000 1289 4053 etiam
1312 3998 1403 4052 hic
1431 3998 1657 4063 Noster3
1697 4016 1822 4051 nam

792 4100 887 4136 xxx
911 4083 1105 4146 leucis,
1150 4082 1257 4135 sive
1302 4096 1461 4131 nxxn
1502 4077 1682 4131 stadiis
1711 4086 1824 4131 tan-

794 4176 903 4216 tum
921 4202 937 4228 ,
964 4162 1203 4215 Baleares
1248 4178 1278 4213 a
1321 4158 1551 4227 Pityusis
1591 4156 1818 4225 distant,

1901 1285 2146 1357 proximo
2197 1281 2420 1358 ‘quidem
2467 1286 2763 1346 intervallo.
2813 1287 2926 1341 En.

1985 1368 2037 1422 8.
2073 1365 2319 1419 Baleares.
2347 1367 2478 1420 Eam
2498 1385 2686 1420 vocem
2708 1368 2928 1422 Cartha·

1899 1445 2196 1516 ginensium
2221 1447 2421 1518 lingua,
2437 1445 2630 1500 fundas
2651 1447 2926 1500 bellicosas

1901 1525 2221 1596 significare,
2241 1539 2426 1580 auctor
2443 1539 2522 1580 est
2548 1527 2928 1598 Agathemerus

1901 1606 2004 1658 loc.
2027 1606 2121 1659 cit.
2140 1604 2302 1658 Diod.
2327 1605 2431 1660 Sic.
2463 1606 2494 1659 5
2508 1643 2526 1670 ‚
2550 1607 2688 1658 Bibl.
2710 1625 2768 1678 p.
2789 1625 2926 1678 297,

1902 1685 2142 1740 Baleares
2165 1683 2329 1740 dictas
2355 1697 2512 1757 putat
2549 1687 2648 1739 ἀπὸ
2679 1693 2765 1740 τοῦ
2800 1687 2927 1740 Βάλ-

1901 1772 1999 1818 λειν
2015 1803 2030 1830 ,
2065 1784 2094 1816 a
2121 1765 2407 1837 jaculando
2423 1783 2437 1818 ε
2458 1767 2732 1837 Fuga-minu
2745 1804 2762 1830 ,
2777 1765 2926 1838 quod

1903 1863 2129 1915 corpore
2175 1843 2322 1898 nudo
2373 1845 2560 1898 iucolae
2613 1845 2930 1899 incederent

1903 1943 2002 1995 per
2026 1937 2270 1977 testatem.
2295 1923 2508 1992 Livius,
2535 1926 2592 1978 in
2622 1927 2766 1997 Epit.
2797 1925 2928 1978 libri

1902 2005 2026 2068 LX,
2051 2005 2135 2057 vel
2171 2023 2200 2056 a
2232 2004 2322 2058 teli
2355 2005 2544 2072 missu,
2573 2007 2658 2059 vel
2699 2023 2727 2058 a
2763 2005 2926 2059 Baleo
2963 2041 2968 2049 ·

1903 2085 2148 2138 Herculis
2179 2085 2375 2137 comite
2399 2085 2474 2137 ibi
2498 2085 2714 2151 relicto,
2754 2103 2928 2156 quum

1903 2163 2157 2216 Hercules
2189 2163 2256 2216 ad
2299 2165 2602 2236 Geryonem
2643 2165 2926 2237 navigaret.

1903 2242 2047 2297 Vide
2065 2245 2224 2296 etiam
2245 2245 2474 2297 Tzetzen
2489 2283 2504 2310 ‚
2541 2244 2596 2298 in
2615 2245 2927 2316 Lycophro-

1903 2341 2054 2388 nem,
2083 2342 2198 2395 pag.
2225 2333 2320 2393 94.
2343 2323 2523 2377 Hum.

1988 2421 2042 2472 9.
2103 2403 2361 2456 Sucronem
2411 2423 2565 2458 versus
2615 2403 2920 2459 Colubraria.

1905 2482 2220 2536 Colubraria
2243 2481 2406 2536 hodic
2419 2524 2435 2550 ,
2467 2497 2527 2536 ut
2543 2481 2800 2551 diximus,
2816 2501 2926 2536 non

1903 2579 2010 2616 una
2041 2574 2248 2616 tantum
2263 2602 2278 2629 ‚
2301 2561 2394 2617 sed
2425 2563 2605 2636 plures
2630 2563 2812 2618 insula
2835 2582 2929 2617 eo·

1904 2641 2030 2696 dem
2053 2644 2302 2709 nomine,
2343 2642 2493 2716 quod
2519 2645 2740 2716 paulum
2767 2664 2798 2698 a
2835 2662 2928 2697 ve-

1905 2724 2006 2776 teri
2026 2720 2294 2775 diversum
2317 2722 2480 2779 hodie
2509 2724 2809 2778 Columbo-ete
2830 2736 2926 2777 est.

1905 2802 2029 2856 Non
2064 2815 2267 2868 autem,
2291 2816 2354 2856 ut
2381 2804 2457 2857 ait
2482 2804 2705 2870 Noster,
2732 2806 2926 2859 Sucro·

1903 2900 2028 2935 nem
2055 2901 2268 2947 versun
2301 2884 2367 2935 ab
2395 2886 2530 2937 ostio
2559 2885 2704 2937 euim
2731 2886 2928 2940 Sucro·

1903 2962 1989 3015 nis
2017 2962 2283 3026 fluminis,
2318 2961 2388 3015 de
2434 2982 2540 3035 qua
2579 2964 2774 3019 Noster
2811 2985 2926 3040 cap.

1909 3048 1940 3105 4
1972 3040 2245 3106 meminit,
2280 3058 2396 3095 xxn
2429 3044 2642 3097 circiter
2665 3044 2828 3099 leucis
2845 3046 2929 3101 di-

1907 3134 2004 3173 stat
2033 3120 2346 3175 Colubraria
2363 3160 2379 3189 ,
2401 3125 2628 3195 parique
2651 3126 2928 3180 intervallo

1907 3202 1974 3253 ab
1998 3202 2195 3255 Ebuso.
2213 3202 2317 3255 En.
2697 3228 2702 3233 ·

1991 3300 2084 3335 ιο.
2111 3282 2280 3352 Major·
2307 3295 2490 3335 centum
2525 3288 2596 3335 M.
2612 3304 2744 3356 pass.
2768 3287 2930 3355 longi·

1908 3362 2084 3415 tudine.
2113 3363 2257 3431 Lego
2282 3365 2337 3412 C.
2360 3366 2435 3414 M.
2458 3368 2588 3434 pass.
2613 3378 2687 3417 est
2717 3367 2929 3436 longitu-

1905 3442 2042 3507 dine,
2063 3460 2125 3494 ex
2155 3442 2270 3495 MS.
2287 3444 2416 3513 neg.
2457 3463 2478 3496 ι
2498 3484 2510 3506 ,
2533 3443 2766 3499 editione
2779 3446 2930 3517 prin-

1908 3522 2026 3591 cipe
2071 3535 2124 3573 et
2157 3522 2238 3575 Cl.
2277 3524 2593 3578 Rezzonico.
2637 3526 2806 3579 Baor.
2848 3558 2930 3568 —

1910 3599 2278 3654 Artemidorus
2310 3604 2457 3674 apud
2504 3606 2780 3675 Agathem.
2808 3607 2930 3659 loco

1909 3680 2103 3745 citat0,
2139 3680 2306 3735 stadia
2346 3684 2494 3736 mille
2523 3698 2576 3737 et
2602 3683 2830 3739 ducenta
2856 3686 2934 3737 ait

1909 3760 2213 3825 continere,
2257 3780 2374 3832 qua!
2419 3777 2542 3817 sunt
2587 3784 2832 3836 passuum
2863 3784 2931 3819 cr.

1911 3840 2109 3905 millia;
2143 3859 2260 3911 quie
2302 3842 2516 3914 quidem
2541 3862 2800 3898 mensurae
2829 3866 2932 3899 ve·

1909 3936 2032 3972 rum
2078 3921 2368 3975 excedunt:
2390 3942 2498 3976 non
2539 3924 2682 3977 enim
2707 3928 2935 3998 amplior

1909 4016 2012 4051 mxx
2039 4018 2103 4053 st.
2147 4020 2282 4073 pass.
2321 4016 2400 4055 est
2424 4004 2653 4057 Balearis
2684 4008 2932 4076 majoris,

1909 4096 2066 4151 quam
2111 4084 2430 4136 recentiores
2478 4084 2698 4156 Hispani
2741 4100 2936 4141 vocant

1908 4158 2153 4215 Mallorca
2173 4200 2189 4227 ‚
2211 4162 2504 4233 longitude.
2522 4164 2623 4216 En.
