3300 5175
100 3095 105 3126 .-
100 3015 104 3046 -.
99 2935 108 2966 ,-
100 2853 107 2884 ἡ
100 2753 105 2802 -.

1159 550 1478 617 LIBER
1546 550 1678 615 IV.

2334 540 2486 629 345
2550 620 2557 627 ,

351 685 566 770 nasci,
613 708 750 752 non
791 678 1123 751 Gaditano
1161 677 1362 765 freto,
1395 680 1893 763 existimavere,
1934 676 2112 745 haud
2154 676 2490 769 improba-

351 789 472 861 bili
531 801 923 883 argumento
979 810 995 851 ε
1050 788 1366 880 quoniam
1425 800 1624 855 aestus
1678 808 1939 878 semper
1982 808 2019 851 e
2062 786 2276 853 Ponto
2330 808 2493 877 pro-

231 926 242 937 ·
351 898 605 982 fluens,
639 917 1002 988 numquam
1027 894 1478 987 reciprocetur
1499 890 1515 914 ¹
1552 944 1567 959 .

1524 879 1548 921 4

464 985 916 1071 Exeundum¹⁵
953 999 1190 1068 deinde
1224 1014 1357 1085 est,
1396 1012 1472 1067 ut
1503 1012 1727 1067 extera
1748 982 1797 1020 ‘⁵
1828 1000 2115 1090 Europae
2156 995 2499 1081 dicantur,
2538 1005 2571 1057 3

358 1110 918 1203 transgressisque
965 1106 1282 1201 Riphaeos
1337 1119 1629 1190 montes,
1675 1102 1859 1173 littus
1910 1104 2161 1171 Oceani
2210 1118 2497 1197 septem-

357 1214 658 1284 trionalis
700 1216 766 1282 in
809 1212 1012 1298 laeva,
1063 1212 1278 1281 donec
1326 1214 1753 1307 perveniatur
1805 1208 2027 1281 Gades
2056 1263 2076 1295 ‚
2123 1208 2497 1303 legendum.

355 1321 602 1391 Insulae
646 1316 1021 1414 complures
1065 1321 1207 1388 sine
1250 1320 1629 1387 nominibus
1682 1343 1763 1387 eo
1810 1318 1939 1386 situ
1988 1317 2360 1385 traduntur.
2400 1318 2504 1383 Ex

357 1428 600 1521 quibus
633 1442 788 1495 ante
818 1425 1194 1520 Scythiam,
1241 1451 1385 1520 quae
1422 1424 1793 1521 appellatur
1830 1421 2265 1507 Raunonia¹⁷,
2302 1446 2503 1491 unam

357 1519 656 1603 abesse¹⁸
703 1532 832 1603 diei
870 1557 1113 1617 cursu,
1155 1534 1222 1600 in
1275 1557 1475 1627 quam
1533 1534 1707 1601 veris
1763 1529 2125 1629 tempore¹⁹
2192 1512 2505 1597 fluetibus

359 1638 678 1710 electrum
706 1640 1024 1731 ejiciatur,
1047 1641 1332 1707 'l‘imaeus
1361 1638 1672 1735 prodidit.
1694 1637 1973 1731 Reliqua
2006 1636 2225 1706 littora
2254 1638 2503 1705 incerta
2543 1647 2575 1704 4

361 1749 620 1842 signata
685 1746 878 1821 fama.
927 1745 1493 1840 septemtrionalis
1552 1742 1973 1815 Oceanus²⁰=
2017 1741 2435 1815 Amalchium
2458 1740 2503 1765 ²¹

364 1934 527 1986 maris
547 1950 742 2005 aquam
759 1970 778 1997 ,
794 1951 904 1984 non
923 1930 1140 1985 effluere
1159 1926 1227 1985 de
1249 1932 1390 1985 Pon·

365 2026 442 2067 to.
497 2014 710 2065 meatus
769 2012 913 2063 enim
970 2012 1064 2082 qui
1123 2013 1266 2065 solus
1324 2010 1394 2063 de

369 2093 588 2145 Oceano
635 2104 872 2161 receptas
913 2109 1076 2161 aquas
1122 2091 1178 2144 in
1228 2091 1394 2144 maria

366 2187 546 2227 nostra
571 2172 878 2225 transmittit
895 2210 910 2235 ,
943 2171 998 2221 in
1028 2171 1168 2223 freto
1191 2185 1268 2224 est
1295 2170 1396 2224 Ga-

369 2252 551 2306 ditano
569 2293 584 2315 ‚
602 2250 748 2321 quod
782 2251 1092 2319 Hispaniam
1133 2251 1396 2303 Africam-

372 2352 478 2403 que
501 2332 805 2401 interjacet:
834 2342 885 2383 et
913 2329 1027 2383 sine
1050 2328 1216 2383 dubio
1240 2330 1398 2381 inun-

371 2412 519 2465 datio
545 2414 652 2480 ipsa
680 2428 774 2481 per
791 2408 1138 2480 Hispaniense
1157 2423 1210 2463 et
1229 2409 1396 2462 Galli·

371 2510 566 2544 cauum
591 2489 771 2541 littora
805 2488 860 2540 in
896 2488 1238 2559 Tyrrhenum
1272 2508 1398 2560 pro·

371 2569 451 2625 dit
498 2590 514 2623 t
547 2568 676 2622 inde
708 2566 1034 2622 Adriaticum
1067 2589 1210 2622 mare
1237 2570 1360 2622 facit
1380 2590 1396 2622 ε

373 2671 438 2704 ex
465 2670 574 2722 quo
603 2650 658 2702 in
693 2653 932 2719 AEgaeum
973 2651 1187 2720 pergit,
1239 2663 1399 2721 atque

373 2731 446 2784 ita
459 2728 756 2800 ingreditur
773 2730 827 2780 in
839 2729 1084 2782 Pontum.
1098 2755 1119 2774 ι
1133 2730 1400 2783 ΒΑΜ).-

375 2807 617 2874 luserim
645 2807 788 2878 apud
809 2808 1063 2862 Senecam
1080 2848 1096 2874 ,
1125 2810 1219 2884 qui
1257 2811 1402 2862 hunc

375 2889 556 2946 locum
588 2888 834 2958 explicat.
864 2889 1064 2941 Danae.

467 2992 484 3021 ι
498 2975 549 3032 4.
611 2969 888 3040 Numquam
941 2971 1270 3038 reciprocetur.
1323 2971 1404 3022 Ita

379 3049 595 3104 Solinus
620 3065 634 3098 ε
660 3046 762 3101 hoc
786 3060 894 3109 est,
921 3066 1212 3118 numquam
1239 3067 1304 3100 ex
1327 3049 1405 3101 in·

377 3141 531 3182 terno
559 3127 690 3178 mari
724 3127 946 3180 vicissim
985 3145 1121 3196 aqua
1163 3128 1222 3180 in
1264 3128 1405 3181 Pon·-

379 3221 493 3263 tum
513 3207 718 3260 refluat.
733 3206 878 3259 Vide
900 3225 1022 3277 quae
1045 3205 1278 3262 diximus
1299 3208 1399 3261 lib.

380 3289 439 3340 11
457 3325 472 3354 ‚
505 3305 619 3357 cap.
653 3304 772 3340 roo.
797 3286 977 3340 Hiar).

470 3368 558 3420 15.
587 3367 893 3420 Exeundum.
944 3365 1104 3419 Exire
1149 3366 1408 3421 interiore

380 3447 487 3501 hoc
508 3466 539 3499 e
558 3443 688 3499 mari
711 3459 952 3518 oportet,
973 3446 1146 3518 inquit
1164 3466 1179 3513 ;
1211 3460 1268 3500 ut
1289 3467 1407 3520 qum

377 3527 620 3586 ambitur
644 3527 857 3580 Oceano
874 3566 891 3590 ,
938 3527 1174 3597 Europae
1204 3545 1295 3580 ora
1323 3528 1408 3579 lu-

379 3619 610 3670 stretur,
647 3619 700 3660 et
725 3607 926 3660 insulae.
953 3607 1135 3660 Haut).
1171 3637 1254 3648 -—-
1281 3607 1406 3661 Vet-

381 3705 471 3757 ap.
507 3686 684 3740 Dalec.
715 3688 1021 3740 Adeundum.
1043 3688 1146 3740 En.

469 3771 558 3820 16.
593 3768 796 3820 Extera.
831 3768 954 3821 Vct.
983 3786 1070 3838 ap.
1103 3768 1283 3822 Dalec.
1315 3789 1408 3822 cce·

384 3859 503 3900 tera.
530 3847 634 3899 En.

471 3944 560 3997 17.
592 3928 720 3996 Quoe
739 3928 1014 3998 appellatur
1030 3927 1306 3985 Baunonia.
1330 3930 1408 3982 Ita

385 4005 538 4064 MSS.
565 4025 778 4072 omnes,
804 4009 932 4079 neg.
969 4027 992 4062 1
1017 4047 1032 4072 ,
1065 4029 1092 4061 a
1113 4048 1130 4074 ‚
1157 4009 1314 4063 colb.
1348 4026 1371 4061 1
1391 4047 1407 4071 ,

393 4103 460 4150 a,
487 4098 540 4138 et
575 4087 682 4140 fere
710 4087 886 4140 Parm.
917 4086 1046 4142 edit.
1076 4090 1139 4140 In
1184 4100 1290 4142 vet.
1324 4107 1410 4160 ap.

391 4164 570 4228 Dalec.
599 4179 654 4220 et
680 4167 1154 4247 Chifflqssaunoma,
1175 4170 1242 4221 In
1260 4168 1412 4222 libris

1475 1931 1680 1985 caeteris
1704 1931 1961 1985 hactenus
1984 1930 2169 1989 editis,
2206 1956 2231 1978 ι
2260 1949 2379 2001 quae
2412 1950 2507 2000 ap·

1476 2013 1703 2084 pellatur
1720 2013 2099 2063 Bannomanna
2119 2011 2301 2063 abesse
2318 2030 2350 2063 a
2372 2011 2505 2081 Scy-

1479 2092 1588 2146 thia
1607 2130 1622 2156 ,
1676 2089 1785 2143 diei
1835 2110 2011 2143 cursu.
2068 2116 2093 2137 ι
2155 2090 2328 2143 Miror
2377 2090 2505 2143 viris

1477 2172 1681 2237 doctis,
1726 2171 2092 2241 Pelicerioque
2115 2170 2171 2221 in
2202 2170 2419 2239 primis.
2448 2171 2505 2223 in

1478 2252 1620 2304 notis
1637 2249 1791 2303 MSS.
1815 2250 1967 2302 facile
1987 2268 2297 2320 persuasum
2326 2250 2401 2301 ibi
2422 2250 2507 2303 in-

1481 2332 1606 2383 sulae
1621 2347 1815 2381 nomen
1835 2329 1997 2381 latere
2014 2370 2029 2393 ,
2062 2348 2171 2381 non
2192 2330 2509 2383 continentis

1483 2408 1715 2482 Scythiae
1738 2446 1755 2469 ‚
1777 2428 1897 2479 quae
1922 2426 1985 2461 ex
2014 2408 2236 2461 adverso
2264 2423 2340 2461 est
2369 2426 2383 2461 ε
2412 2428 2510 2463 ne·

1483 2508 1588 2561 que
1618 2488 2041 2541 animadversum
2061 2488 2201 2543 iliud
2229 2508 2259 2539 a
2278 2488 2515 2559 Serehe‘a,

1483 2571 1741 2644 glossema
1764 2586 1873 2623 esse
1889 2610 1904 2634 ‚
1924 2587 2035 2642 quo
2062 2580 2244 2624 carent
2262 2569 2413 2624 MSS.
2435 2570 2509 2624 H.

1485 2679 1565 2692 —
1587 2651 1803 2722 Scythia
1822 2651 1911 2704 illa
1936 2650 2211 2702 Baunonia
2233 2687 2249 2712 ,
2280 2669 2425 2703 nunc
2442 2651 2509 2702 les

1483 2730 1774 2800 Sumoyedes
1789 2769 1805 2796 ‚
1837 2731 1887 2782 la
1919 2735 2145 2799 province
2180 2729 2474 2782 d'Obodom
2490 2767 2511 2796 ‚

1486 2813 1536 2864 la
1587 2811 1787 2864 Sibde-ie.
1830 2811 1877 2862 A
1918 2810 2217 2862 celebritate
2244 2805 2511 2873 (celebria

1486 2905 1608 2944 sunt
1625 2879 1949 2961 longinqua)
1969 2888 2107 2944 dicta
2120 2891 2275 2942 fuisse
2303 2888 2515 2944 videtur

1486 2973 1711 3023 Raunou
1719 2971 1782 3022 ia.
1805 2970 1892 3022 Sic
1906 2971 2034 3022 urbs
2048 2969 2515 3040 Nowogorodanti-

1487 3050 1669 3121 quitus
1695 3049 1971 3102 dicebatur
1996 3050 2282 3118 Runigard,
2310 3049 2366 3102 id
2402 3063 2479 3103 est
2496 3089 2513 3114 ,

1488 3130 1618 3182 urbs
1645 3129 1879 3182 illustris.
1922 3127 2064 3181 Vide
2104 3128 2187 3182 Cl.
2225 3130 2515 3182 Lononos-

1489 3228 1600 3262 εον
1621 3245 1634 3266 .
1664 3209 1768 3262 loc.
1797 3209 1888 3261 cit.
1922 3227 2041 3280 pag.
2083 3227 2169 3262 ια.
2197 3211 2366 3264 Bao-r.

1579 3291 1669 3344 18.
1718 3289 1893 3342 Unam.
1944 3289 2171 3342 Videtur
2214 3308 2324 3342 esse
2354 3307 2517 3362 quam

1489 3387 1636 3422 nunc
1664 3366 1891 3421 dicimus
1920 3369 2173 3442 Vaygaez.
2200 3371 2367 3423 Baor.

1579 3467 1602 3501 1
1615 3469 1669 3518 9.
1718 3450 1965 3520 Tempore.
2041 3450 2221 3504 Dalec.
2280 3454 2513 3522 temperie.

1492 3529 1602 3583 En.

1579 3629 1668 3664 ao.
1684 3609 2094 3680 Septemtrc'onalals·
2117 3612 2359 3665 Oceanus.
2380 3611 2423 3662 F
2424 3629 2519 3663 ru·

1494 3702 1596 3743 stra
1627 3689 1721 3742 has
1748 3708 1901 3744 voces
1930 3691 2036 3742 suis
2064 3690 2279 3744 sedibus
2304 3704 2521 3744 movent

1494 3770 1771 3823 Pintianus
1816 3782 1869 3822 et
1924 3771 2211 3824 Pelicerius
2266 3770 2325 3824 iu
2380 3770 2521 3824 notis

1493 3849 1646 3904 MSS.
1703 3850 1885 3904 Hsan.
1947 3880 2026 3893 ——
2070 3850 2523 3922 Septemtrionalia

1495 3930 1740 3983 Oceanus
1760 3963 1778 3992 ,
1824 3949 1972 3984 nunc
2020 3933 2071 3984 la
2124 3951 2223 3983 mer
2276 3930 2520 3984 Glaciale.

1495 4011 1665 4063 Bam·-

1585 4107 1678 4142 ιι.
1723 4090 2053 4143 Amalchium.
2098 4091 2225 4143 Haec
2270 4089 2529 4161 deinceps

1499 4169 1715 4224 Solinus
1752 4169 1937 4223 iisdem
1975 4170 2182 4236 νει-δίε,
2230 4189 2349 4242 cap.
2395 4189 2531 4236 xxx,
