3300 5175
826 555 979 644 340
1365 557 1441 622 c,
1498 553 1844 622 PLINII
1899 551 2110 621 NAT.
2169 553 2425 622 nlsT

822 685 1085 825 capillo
1086 685 1463 782 Agathyrsi.
1466 689 1714 816 Super
1745 709 1858 754 eos
1899 671 2348 755 Nomades⁷³=
2383 686 2536 755 dein
2579 687 3010 784 Anthropo-

822 781 1106 925 phagi⁷⁴.
1145 799 1205 862 A
1240 778 1489 888 Buge⁷⁵
1536 817 1739 888 super
1771 793 2046 861 Maeotin
2088 794 2526 880 Sauromatae,
2577 809 2646 864 et
2687 796 3006 865 Essedo-

824 901 975 972 nes⁷
978 889 1143 970 ⁶.At
1170 925 1289 996 per
1311 925 1499 969 oram
1526 898 1863 968 Tanaim⁷⁷
1889 923 2098 994 usque
2121 902 2408 988 Maeotae,
2438 923 2478 968 a
2507 901 2750 995 quibus
2779 901 2998 972 lacus

823 1033 1069 1078 nomen
1104 1009 1421 1138 accepit:
1460 1003 1806 1100 ultimique
1846 1028 1885 1073 a
1925 1020 2115 1100 tergo
2143 1031 2262 1074 eor
2263 1031 2376 1075 um
2411 1007 2760 1103 Arimaspi.
2799 1011 2996 1078 Mox

822 1099 1157 1210 Riphaei⁷⁸
1194 1128 1485 1199 monteS,
1512 1126 1587 1182 et
1626 1111 1891 1182 assiduo
1927 1113 2091 1180 nivis
2133 1137 2290 1182 casu
2345 1115 2696 1207 pinnarum
2740 1114 2996 1184 simili·

824 1221 1105 1310 tudine,
1154 1217 1672 1348 Pterophoros⁷⁹
1729 1217 2058 1313 appellata
2099 1221 2332 1312 regio:
2373 1243 2526 1314 pars
2567 1221 2806 1289 muudi
2847 1221 2999 1290 da-

826 1342 1051 1459 mnasa
1082 1351 1125 1396 a
1163 1311 1425 1396 rerum⁸
1496 1339 1773 1444 natura,
1827 1339 1893 1394 et
1934 1324 2140 1394 densa
2189 1327 2406 1396 mersa
2441 1325 2720 1421 caligine
2765 1354 2784 1396 ε
2841 1353 2992 1398 ne-

820 1420 1015 1529 que⁸¹
1057 1435 1128 1502 in
1178 1433 1306 1502 alio
1359 1455 1561 1527 quam
1624 1432 1864 1526 rigoris
1918 1455 2156 1526 opere,
2200 1431 2560 1528 gelidisque
2616 1433 2990 1528 Aquilonis

822 1538 1332 1636 conceptaculis.

932 1651 1115 1718 Pone
1160 1671 1275 1716 eos
1314 1631 1638 1716 montes⁸¹
1663 1697 1682 1730 ‚
1737 1644 2042 1741 ultraque
2095 1644 2530 1741 Aquilonem,
2583 1673 2746 1743 gens
2811 1646 2989 1716 felix

823 1804 994 1871 citur,
1028 1803 1304 1875 regionem
1360 1813 1644 1854 tenuerunt
1677 1840 1692 1866 ,
1746 1819 1850 1894 qua

824 1883 1175 1956 Borysthenis
1202 1882 1457 1936 orientale
1478 1881 1615 1933 latus
1637 1881 1852 1933 contin-

823 1966 955 2036 git·
1011 1955 1285 2034 Ᾰγάουρσοι
1354 1959 1623 2014 Maeotidis
1673 1958 1853 2031 pludis

824 2046 1019 2098 flexum
1058 2043 1301 2096 ambiunt
1339 2040 1515 2112 inquit
1541 2041 1717 2102 Mela,
1757 2040 1850 2094 lib.

822 2127 910 2191 11,
952 2142 1070 2195 cap.
1136 2142 1186 2177 ι.
1242 2123 1355 2174 Hos
1410 2133 1589 2174 tamen
1639 2119 1854 2191 longius

822 2206 1141 2260 submovere
1188 2202 1393 2255 Plinius
1431 2202 1658 2254 videtur.
1693 2197 1856 2252 Unde

824 2303 1021 2339 nomen
1068 2281 1311 2337 Basilidas
1366 2281 1652 2343 tinxerint,
1689 2277 1856 2332 disces

828 2366 896 2420 ab
950 2361 1155 2418 Herod.
1200 2362 1293 2416 lib.
1346 2359 1746 2429 1v‚Melpom.
1796 2379 1852 2412 n.

832 2459 919 2500 ao.
958 2444 1139 2497 Haan.

909 2525 1003 2595 73.
1056 2521 1334 2587 Nomades,
1374 2534 1475 2574 etc.
1528 2516 1766 2591 Νομάδες
1804 2532 1856 2572 et

825 2596 1239 2675 Ᾰνορωποφάγοι,
1304 2620 1439 2674 quos
1505 2592 1855 2671 Ᾰνὸροφοὶγους

826 2696 985 2737 vocat
1004 2694 1194 2737 auctor
1215 2680 1414 2751 Peripli
1436 2679 1593 2731 Ponti
1624 2680 1859 2743 Euxini,

828 2782 952 2835 pag.
978 2764 1008 2816 3
1026 2803 1041 2825 ‚
1064 2773 1117 2815 et
1135 2760 1334 2815 Herod.
1350 2758 1608 2829 Melpum.
1626 2757 1820 2811 111».1v
1842 2798 1859 2824 ,

828 2864 884 2898 ιι.
920 2844 989 2898 18
1010 2882 1026 2911 ,
1050 2860 1171 2915 pag.
1197 2842 1331 2895 231.
1360 2840 1565 2892 Hann..

910 2922 1004 2995 74.
1036 2920 1462 2992 Anthropophagi.
1484 2920 1615 2971 Eam
1630 2917 1860 2971 maxime

830 3016 1036 3074 partem
1048 3002 1303 3057 Tartar-iai
1316 2999 1565 3063 Russicoe‚
1574 3000 1625 3049 la
1633 2999 1861 3050 Tartarie

834 3104 967 3137 rasse
982 3122 997 3149 ,
1025 3095 1243 3137 tenuere
1264 3120 1281 3147 ,
1308 3098 1427 3152 quae
1456 3092 1534 3133 est
1558 3097 1742 3131 versus
1761 3080 1862 3131 Pa·

832 3164 1162 3235 ropamisum
1178 3160 1444 3225 flurium,
1478 3158 1641 3212 I'Obi.
1666 3159 1834 3211 Bnor.

914 3248 1005 3315 75.
1034 3244 1091 3297 A
1110 3244 1418 3312 Bagesuper.
1436 3241 1558 3293 Vet.
1571 3257 1660 3311 ap.
1681 3238 1859 3291 Doleo.

842 3342 916 3376 -a
934 3324 1082 3395 Buge
1104 3340 1234 3376 vero
1259 3340 1487 3393 imper.-
1465 3321 1624 3372 ιΕι).

919 3406 1011 3474 76.
1034 3404 1111 3455 Ee
1140 3400 1425 3455 Essedones.
1460 3390 1716 3459 Ῐσσεδόνις
1749 3400 1862 3451 Ste-

834 3484 1015 3555 phano
1042 3480 1190 3535 dicti.
1210 3474 1525 3552 Ᾰριμασποὶ,
1549 3482 1678 3540 levo<
1701 3466 1860 3547 Ῠπιρ·

837 3561 1572 3635 6ορίων,Ηγρει-1)οι·εοτιιιιι
1612 3578 1769 3630 gens,
1800 3560 1864 3610 in

836 3643 1171 3698 Moscoviam
1224 3640 1495 3693 borealem
1557 3635 1866 3709 ableganda.

836 3724 1018 3777 Hann.

918 3822 1015 3877 77.
1048 3804 1255 3858 Tanaim
1280 3818 1425 3873 usque
1448 3800 1664 3853 Moeotae.
1689 3796 1868 3850 Dalec.

845 3912 867 3931 u
896 3890 963 3937 ad
983 3885 1207 3939 Tanaim
1231 3899 1402 3953 usque
1424 3882 1634 3933 Maeote.
1650 3904 1672 3925 ι
1699 3878 1800 3931 Ει).

919 3966 1015 4034 78.
1066 3966 1277 4036 Riphaei.
1322 3986 1345 4009 ι
1376 3961 1531 4013 Ultra
1560 3978 1696 4031 quos
1725 3960 1863 4028 jacet

841 4065 966 4109 ora,
1004 4064 1122 4117 quae
1162 4055 1363 4116 spectat
1404 4040 1720 4095 Oceanum·
1769 4038 1862 4091 Se-

836 4126 1258 4193 ptemtrionalem
1280 4165 1295 4190 ,
1320 4122 1495 4194 iuquit
1514 4120 1653 4174 Mela
1677 4120 1732 4171 in
1754 4118 1862 4171 fine

832 4205 1032 4271 libril,
1070 4219 1120 4259 et
1157 4206 1315 4258 initio
1342 4204 1465 4257 libri
1492 4203 1563 4254 11.
1602 4199 1856 4254 Totidem

1935 1801 2113 1855 verbis
2158 1820 2186 1854 a
2246 1801 2424 1854 Plinio
2461 1821 2523 1855 ea
2585 1803 2988 1876 transcripsere

1937 1880 2180 1945 Solinus,
2207 1899 2326 1952 cap.
2349 1901 2416 1934 xv
2433 1919 2451 1947 ,
2479 1901 2597 1955 pag.
2635 1883 2706 1936 35
2725 1922 2741 1949 ,
2779 1897 2840 1937 et
2865 1883 2988 1938 Cn-

1936 1961 2074 2033 pelln
2092 2001 2108 2028 ,
2141 1961 2236 2014 lib.
2255 1962 2337 2013 VI
2355 1997 2372 2024 ,
2399 1977 2512 2034 cap.
2553 1960 2622 2015 de
2641 1974 2836 2034 quarto
2857 1964 2986 2018 Eu·

1935 2059 2085 2114 rope
2101 2041 2223 2094 sinu
2239 2080 2254 2106 ,
2275 2059 2396 2112 pag.
2419 2060 2448 2093 α
2463 2065 2480 2095 ι
2494 2049 2546 2106 4.
2575 2043 2644 2096 Η.

2017 2139 2114 2192 79.
2131 2121 2465 2191 pterophoros.
2475 2124 2796 2194 Πτιροφόρος,
2817 2126 2984 2196 qussi

1935 2219 2234 2271 pennarum
2269 2201 2433 2258 ferax,
2473 2220 2566 2255 seu
2597 2203 2736 2256 nivis
2761 2223 2980 2274 penna-

1937 2299 2058 2332 rum
2085 2280 2250 2334 instar
2273 2279 2582 2334 decidentis.
2610 2282 2750 2336 Hinc
2773 2284 2982 2338 fabulo

1939 2357 2062 2413 data
2079 2361 2285 2414 occasio
2301 2399 2317 2426 ,
2340 2379 2500 2431 quam
2521 2361 2686 2415 refert
2703 2361 2938 2416 Ovidius
2953 2401 2976 2428 ,

1940 2439 2158 2493 Metam.
2197 2439 2293 2491 lib.
2339 2441 2476 2504 XV,
2507 2459 2554 2494 v.
2593 2441 2704 2496 356
2733 2460 2750 2494 ε
2786 2469 2808 2490 ι
2841 2445 2984 2496 Esse

1939 2520 2084 2572 viros
2117 2519 2256 2572 fama
2284 2533 2363 2572 est
2389 2519 2444 2570 in
2471 2520 2820 2595 Hyperborea
2855 2523 2980 2576 1²21-

1940 2600 2093 2663 lene,
2128 2600 2237 2665 Qui
2294 2600 2496 2652 soleant
2547 2602 2756 2655 levibus
2801 2603 2972 2657 velari

1941 2698 2169 2749 corpora
2181 2679 2393 2751 plumis,
2409 2679 2594 2744 Quum
2607 2682 2970 2737 Tritoniacam

1940 2758 2126 2812 novies
2144 2759 2354 2811 subiere
2381 2758 2650 2830 paludem.
2671 2788 2694 2809 ι
2711 2764 2897 2816 Ηιιῑ).

2025 2844 2112 2895 80.
2125 2838 2179 2891 Α
2199 2856 2352 2891 mmm
2369 2852 2559 2892 natum.
2578 2841 2665 2895 Sic
2675 2861 2760 2914 ap.
2782 2842 2968 2897 chiffl.

1943 2919 2121 2972 Delec.
2147 2944 2168 2965 ι
2207 2934 2238 2971 a
2260 2931 2451 2974 natura
2475 2936 2674 2973 rerum.
2703 2946 2726 2967 ι
2749 2922 2856 2997 Ep.

2027 3000 2093 3053 81
2109 2998 2302 3072 ‚Neque
2321 3003 2372 3051 ἰη
2391 3000 2632 3067 αἱίο,ε“ιο.
2650 3002 2867 3073 Legitur
2879 3020 2961 3075 ap.

1943 3078 2122 3131 Dalec.
2151 3078 2208 3131 in
2241 3080 2385 3132 notis
2412 3080 2640 3151 margini
2669 3083 2921 3154 appositis
2944 3102 2962 3136 ε

1954 3184 1975 3205 ι
2006 3176 2180 3230 neque
2211 3158 2270 3212 in
2296 3157 2443 3212 aliud
2481 3178 2644 3231 quam
2684 3164 2737 3216 iu
2778 3162 2966 3235 rigoris

1946 3256 2110 3308 opera
2133 3276 2148 3301 ,
2195 3236 2466 3310 gelidique
2495 3239 2796 3311 ,Aquilonis
2839 3262 2964 3296 con-

1947 3318 2236 3388 ceptacula.
2257 3344 2279 3365 ι
2307 3318 2446 3371 Alii:
2484 3342 2506 3366 ι
2528 3319 2584 3371 in
2609 3320 2788 3393 rigore
2811 3340 2966 3393 oper-

1948 3412 2019 3452 ta.
2050 3424 2072 3445 n
2105 3400 2207 3453 En.

2031 3480 2064 3531 8
2073 3498 2122 3531 α.
2167 3480 2303 3531 Pone
2343 3500 2422 3531 eos
2464 3492 2661 3535 montes.
2703 3482 2830 3533 Vct.
2878 3500 2958 3552 ap·

1949 3558 2128 3611 Dalec.
2150 3572 2265 3628 pose
2288 3580 2365 3613 eos
2394 3573 2592 3621 montes.
2614 3560 2718 3615 En.
2735 3592 2812 3603 —-
2841 3562 2962 3613 Hoc

1951 3658 1980 3691 a
1997 3637 2174 3691 Plinio
2193 3636 2404 3693 Solinus
2417 3641 2713 3713 exscripsit,
2725 3658 2962 3713 capnt,

1951 3736 2070 3790 pag.
2120 3720 2210 3771 36.
2260 3720 2466 3773 Plinius
2501 3739 2568 3773 ex
2607 3722 2878 3786 Hecatae,
2907 3732 2964 3773 ut

1951 3800 2066 3869 ipse
2092 3798 2268 3851 innuit
2285 3839 2300 3862 ‚
2315 3800 2409 3853 lib.
2434 3800 2536 3862 vl.
2555 3820 2672 3871 cap.
2696 3820 2782 3853 so.
2803 3800 2963 3854 Heca-

1954 3892 2081 3931 taeus
2133 3898 2203 3931 ex
2249 3881 2452 3933 Aristea
2498 3881 2880 3943 Proconnesio,
2905 3896 2962 3934 ut

1951 3956 2260 4013 Herodotus
2281 3958 2461 4027 docet,
2481 3961 2739 4032 Melpom.
2760 3961 2851 4013 lib.
2868 3961 2962 4027 lv,

1950 4058 2071 4109 pag.
2107 4058 2244 4107 ²²92
2275 4060 2329 4094 n.
2370 4042 2464 4102 13.
2509 4043 2602 4113 qui
2632 4042 2701 4094 ab
2721 4042 2821 4095 isto
2844 4058 2962 4093 oon·

1949 4120 2068 4173 ficta
2124 4122 2300 4173 omnia
2350 4122 2640 4175 arbitratur
2671 4156 2688 4185 ,
2761 4120 2972 4174 licentia

1949 4198 2170 4269 poetica.
2195 4201 2375 4254 Ηιιιι).
