<?xml version="1.0" encoding="UTF-8"?>
<!DOCTYPE html PUBLIC "-//W3C//DTD XHTML 1.0 Transitional//EN"
    "http://www.w3.org/TR/xhtml1/DTD/xhtml1-transitional.dtd">
<html xmlns="http://www.w3.org/1999/xhtml" xml:lang="en" lang="en">
 <head>
  <title>
</title>
<meta http-equiv="Content-Type" content="text/html;charset=utf-8" />
  <meta name='ocr-system' content='tesseract 3.04.00' />
  <meta name='ocr-capabilities' content='ocr_page ocr_carea ocr_par ocr_line ocrx_word'/>
</head>
<body>
  <div class='ocr_page' id='page_1' title='image "./caiipliniisecun02hardgoog_0269.png"; bbox 0 0 3300 5175; ppageno 0'>
   <div class='ocr_carea' id='block_1_1' title="bbox 1074 501 1611 585">
    <p class='ocr_par' dir='ltr' id='par_1_1' title="bbox 1074 501 1611 585">
     <span class='ocr_line' id='line_1_1' title="bbox 1074 501 1611 585; baseline -0.002 -15"><span class='ocrx_word' id='word_1_1' title='bbox 1074 503 1431 585; x_wconf 63' lang='lat' dir='ltr'>,LIBER</span> <span class='ocrx_word' id='word_1_2' title='bbox 1479 501 1611 570; x_wconf 84' lang='lat' dir='ltr'>lv.</span> 
     </span>
    </p>
   </div>
   <div class='ocr_carea' id='block_1_2' title="bbox 2312 503 2448 599">
    <p class='ocr_par' dir='ltr' id='par_1_2' title="bbox 2312 503 2448 599">
     <span class='ocr_line' id='line_1_2' title="bbox 2312 503 2448 599; baseline 0.015 -27"><span class='ocrx_word' id='word_1_3' title='bbox 2312 503 2448 599; x_wconf 78' lang='lat'>2:37</span> 
     </span>
    </p>
   </div>
   <div class='ocr_carea' id='block_1_3' title="bbox 252 625 2525 1260">
    <p class='ocr_par' dir='ltr' id='par_1_3' title="bbox 329 625 2458 728">
     <span class='ocr_line' id='line_1_3' title="bbox 329 625 2458 728; baseline 0.002 -26"><span class='ocrx_word' id='word_1_4' title='bbox 329 632 572 728; x_wconf 79' lang='lat' dir='ltr'>Alope,</span> <span class='ocrx_word' id='word_1_5' title='bbox 616 632 962 727; x_wconf 81' lang='lat' dir='ltr'>Scarphia.</span> <span class='ocrx_word' id='word_1_6' title='bbox 1009 636 1243 703; x_wconf 82' lang='lat' dir='ltr'><strong>Postea</strong></span> <span class='ocrx_word' id='word_1_7' title='bbox 1292 633 1615 703; x_wconf 86' lang='lat' dir='ltr'>Maliacus</span> <span class='ocrx_word' id='word_1_8' title='bbox 1666 635 1845 702; x_wconf 84' lang='lat' dir='ltr'>sinus</span> <span class='ocrx_word' id='word_1_9' title='bbox 1888 634 1973 703; x_wconf 86' lang='lat' dir='ltr'>ab</span> <span class='ocrx_word' id='word_1_10' title='bbox 2018 625 2315 704; x_wconf 83' lang='lat' dir='ltr'>incolis⁴⁰</span> <span class='ocrx_word' id='word_1_11' title='bbox 2352 639 2458 706; x_wconf 83' lang='lat' dir='ltr'>tli-</span> 
     </span>
    </p>

    <p class='ocr_par' dir='ltr' id='par_1_4' title="bbox 252 727 2347 834">
     <span class='ocr_line' id='line_1_4' title="bbox 252 727 2347 834; baseline 0.001 -26"><span class='ocrx_word' id='word_1_12' title='bbox 252 755 263 770; x_wconf 85' lang='grc'><em>·</em></span> <span class='ocrx_word' id='word_1_13' title='bbox 332 755 476 809; x_wconf 88' lang='lat' dir='ltr'>ctus</span> <span class='ocrx_word' id='word_1_14' title='bbox 519 762 534 806; x_wconf 76' lang='grc' dir='ltr'><em>τ</em></span> <span class='ocrx_word' id='word_1_15' title='bbox 578 741 646 809; x_wconf 85' lang='lat' dir='ltr'>in</span> <span class='ocrx_word' id='word_1_16' title='bbox 686 764 820 833; x_wconf 90' lang='lat' dir='ltr'>quo</span> <span class='ocrx_word' id='word_1_17' title='bbox 853 739 1132 833; x_wconf 89' lang='lat' dir='ltr'>oppida,</span> <span class='ocrx_word' id='word_1_18' title='bbox 1173 737 1513 834; x_wconf 83' lang='lat' dir='ltr'>Halcyone</span> <span class='ocrx_word' id='word_1_19' title='bbox 1535 727 1624 828; x_wconf 80' lang='lat'>⁴¹,</span> <span class='ocrx_word' id='word_1_20' title='bbox 1658 741 1943 824; x_wconf 87' lang='lat' dir='ltr'>Econia‚</span> <span class='ocrx_word' id='word_1_21' title='bbox 1984 731 2347 812; x_wconf 78' lang='lat' dir='ltr'>Phalara⁴².</span> 
     </span>
    </p>

    <p class='ocr_par' dir='ltr' id='par_1_5' title="bbox 297 844 2521 940">
     <span class='ocr_line' id='line_1_5' title="bbox 297 844 2521 940; baseline 0.001 -24"><span class='ocrx_word' id='word_1_22' title='bbox 297 923 306 930; x_wconf 57' lang='grc'>,</span> <span class='ocrx_word' id='word_1_23' title='bbox 436 849 631 916; x_wconf 90' lang='lat' dir='ltr'>XIII.</span> <span class='ocrx_word' id='word_1_24' title='bbox 655 847 855 914; x_wconf 82' lang='lat' dir='ltr'>Doris</span> <span class='ocrx_word' id='word_1_25' title='bbox 872 844 1144 928; x_wconf 84' lang='lat' dir='ltr'>deinde,</span> <span class='ocrx_word' id='word_1_26' title='bbox 1171 847 1240 914; x_wconf 89' lang='lat' dir='ltr'>in</span> <span class='ocrx_word' id='word_1_27' title='bbox 1266 871 1396 940; x_wconf 88' lang='lat' dir='ltr'>qua</span> <span class='ocrx_word' id='word_1_28' title='bbox 1421 847 1775 940; x_wconf 82' lang='lat' dir='ltr'>Sperchios</span> <span class='ocrx_word' id='word_1_29' title='bbox 1792 846 2141 932; x_wconf 84' lang='lat' dir='ltr'>¹,Erineon</span> <span class='ocrx_word' id='word_1_30' title='bbox 2152 846 2199 934; x_wconf 81' lang='lat'>³,</span> <span class='ocrx_word' id='word_1_31' title='bbox 2216 852 2457 938; x_wconf 84' lang='lat' dir='ltr'>Boion,</span> <span class='ocrx_word' id='word_1_32' title='bbox 2498 875 2521 908; x_wconf 76' lang='grc' dir='ltr'>ι</span> 
     </span>
    </p>

    <p class='ocr_par' dir='ltr' id='par_1_6' title="bbox 331 940 2525 1152">
     <span class='ocr_line' id='line_1_6' title="bbox 331 940 2244 1047; baseline 0.002 -28"><span class='ocrx_word' id='word_1_33' title='bbox 331 951 610 1038; x_wconf 85' lang='lat' dir='ltr'>Pindus,</span> <span class='ocrx_word' id='word_1_34' title='bbox 655 953 987 1045; x_wconf 84' lang='lat' dir='ltr'>Cytinum.</span> <span class='ocrx_word' id='word_1_35' title='bbox 1035 951 1305 1022; x_wconf 85' lang='lat' dir='ltr'>Doridis</span> <span class='ocrx_word' id='word_1_36' title='bbox 1337 976 1376 1022; x_wconf 85' lang='lat' dir='ltr'>a</span> <span class='ocrx_word' id='word_1_37' title='bbox 1419 967 1608 1047; x_wconf 85' lang='lat' dir='ltr'>tergo</span> <span class='ocrx_word' id='word_1_38' title='bbox 1645 977 1837 1022; x_wconf 88' lang='lat' dir='ltr'>mons</span> <span class='ocrx_word' id='word_1_39' title='bbox 1873 967 1973 1022; x_wconf 88' lang='lat' dir='ltr'>est</span> <span class='ocrx_word' id='word_1_40' title='bbox 1998 940 2244 1023; x_wconf 85' lang='lat' dir='ltr'>OEta³.</span> 
     </span>
     <span class='ocr_line' id='line_1_7' title="bbox 439 1047 2525 1152; baseline 0.002 -28"><span class='ocrx_word' id='word_1_41' title='bbox 439 1047 1024 1152; x_wconf 39' lang='lat' dir='ltr'>XIV.‘Sequitu1-&#39;</span> <span class='ocrx_word' id='word_1_42' title='bbox 1083 1059 1351 1128; x_wconf 80' lang='lat' dir='ltr'>mutatis</span> <span class='ocrx_word' id='word_1_43' title='bbox 1413 1084 1586 1152; x_wconf 83' lang='lat' dir='ltr'>saepe</span> <span class='ocrx_word' id='word_1_44' title='bbox 1653 1059 2033 1128; x_wconf 84' lang='lat' dir='ltr'>nominibus</span> <span class='ocrx_word' id='word_1_45' title='bbox 2092 1063 2396 1131; x_wconf 70' lang='lat' dir='ltr'>AEmonia‘</span> <span class='ocrx_word' id='word_1_46' title='bbox 2439 1089 2453 1130; x_wconf 94' lang='lat'><strong>:</strong></span> <span class='ocrx_word' id='word_1_47' title='bbox 2500 1092 2525 1128; x_wconf 78' lang='grc' dir='ltr'>ι</span> 
     </span>
    </p>

    <p class='ocr_par' dir='ltr' id='par_1_7' title="bbox 331 1163 2463 1260">
     <span class='ocr_line' id='line_1_8' title="bbox 331 1163 2463 1260; baseline 0.001 -26"><span class='ocrx_word' id='word_1_48' title='bbox 331 1165 564 1235; x_wconf 87' lang='lat' dir='ltr'>eadem</span> <span class='ocrx_word' id='word_1_49' title='bbox 617 1163 1024 1259; x_wconf 85' lang='lat' dir='ltr'>Pelasgicum</span> <span class='ocrx_word' id='word_1_50' title='bbox 1084 1166 1336 1260; x_wconf 82' lang='lat' dir='ltr'>Argos,</span> <span class='ocrx_word' id='word_1_51' title='bbox 1401 1163 1620 1235; x_wconf 87' lang='lat' dir='ltr'>Hellas</span> <span class='ocrx_word' id='word_1_52' title='bbox 1642 1215 1662 1248; x_wconf 86' lang='lat'><strong>‚</strong></span> <span class='ocrx_word' id='word_1_53' title='bbox 1707 1164 1939 1234; x_wconf 88' lang='lat' dir='ltr'>eadem</span> <span class='ocrx_word' id='word_1_54' title='bbox 1982 1164 2313 1236; x_wconf 79' lang='lat' dir='ltr'>Thessalia</span> <span class='ocrx_word' id='word_1_55' title='bbox 2332 1222 2351 1254; x_wconf 90' lang='lat'>,</span> <span class='ocrx_word' id='word_1_56' title='bbox 2396 1183 2463 1238; x_wconf 85' lang='lat' dir='ltr'>et</span> 
     </span>
    </p>
   </div>
   <div class='ocr_carea' id='block_1_4' title="bbox 331 1342 1364 3326">
    <p class='ocr_par' dir='ltr' id='par_1_8' title="bbox 331 1342 1360 2116">
     <span class='ocr_line' id='line_1_9' title="bbox 332 1342 1356 1418; baseline 0 -19"><span class='ocrx_word' id='word_1_57' title='bbox 332 1347 578 1417; x_wconf 68' lang='grc' dir='ltr'>Σκάρφιιοι</span> <span class='ocrx_word' id='word_1_58' title='bbox 587 1342 841 1418; x_wconf 71' lang='grc' dir='ltr'><strong>Λοκρίδος,</strong></span> <span class='ocrx_word' id='word_1_59' title='bbox 850 1365 1017 1418; x_wconf 82' lang='lat' dir='ltr'>prope</span> <span class='ocrx_word' id='word_1_60' title='bbox 1028 1347 1356 1417; x_wconf 83' lang='lat' dir='ltr'>Thermopy-</span> 
     </span>
     <span class='ocr_line' id='line_1_10' title="bbox 331 1426 1355 1497; baseline 0.001 -17"><span class='ocrx_word' id='word_1_61' title='bbox 331 1426 408 1480; x_wconf 83' lang='lat' dir='ltr'>las</span> <span class='ocrx_word' id='word_1_62' title='bbox 419 1462 437 1489; x_wconf 86' lang='lat'>‚</span> <span class='ocrx_word' id='word_1_63' title='bbox 453 1427 744 1497; x_wconf 81' lang='lat' dir='ltr'>Stephano,</span> <span class='ocrx_word' id='word_1_64' title='bbox 768 1440 821 1480; x_wconf 92' lang='lat' dir='ltr'>et</span> <span class='ocrx_word' id='word_1_65' title='bbox 833 1428 1076 1497; x_wconf 75' lang='lat' dir='ltr'>Appiano</span> <span class='ocrx_word' id='word_1_66' title='bbox 1089 1427 1145 1480; x_wconf 87' lang='lat' dir='ltr'>in</span> <span class='ocrx_word' id='word_1_67' title='bbox 1156 1426 1355 1496; x_wconf 80' lang='lat' dir='ltr'>Syriae.</span> 
     </span>
     <span class='ocr_line' id='line_1_11' title="bbox 331 1503 1355 1578; baseline 0.001 -20"><span class='ocrx_word' id='word_1_68' title='bbox 331 1523 452 1577; x_wconf 81' lang='lat' dir='ltr'>pag.</span> <span class='ocrx_word' id='word_1_69' title='bbox 490 1507 583 1574; x_wconf 86' lang='lat'>98.</span> <span class='ocrx_word' id='word_1_70' title='bbox 618 1503 892 1560; x_wconf 61' lang='lat' dir='ltr'>Halim—</span> <span class='ocrx_word' id='word_1_71' title='bbox 913 1506 1182 1578; x_wconf 83' lang='lat' dir='ltr'>Narycion</span> <span class='ocrx_word' id='word_1_72' title='bbox 1203 1506 1355 1576; x_wconf 76' lang='lat' dir='ltr'>igno-</span> 
     </span>
     <span class='ocr_line' id='line_1_12' title="bbox 333 1583 1356 1657; baseline 0 -19"><span class='ocrx_word' id='word_1_73' title='bbox 333 1585 742 1656; x_wconf 70' lang='lat' dir='ltr'>raturzAlopes</span> <span class='ocrx_word' id='word_1_74' title='bbox 777 1586 991 1657; x_wconf 80' lang='lat' dir='ltr'>vestigia</span> <span class='ocrx_word' id='word_1_75' title='bbox 1029 1583 1097 1640; x_wconf 75' lang='lat' dir='ltr'>nd</span> <span class='ocrx_word' id='word_1_76' title='bbox 1123 1585 1356 1638; x_wconf 81' lang='lat' dir='ltr'>rivulum</span> 
     </span>
     <span class='ocr_line' id='line_1_13' title="bbox 334 1665 1356 1736; baseline 0.002 -20"><span class='ocrx_word' id='word_1_77' title='bbox 334 1666 526 1716; x_wconf 71' lang='lat' dir='ltr'>Per-ena</span> <span class='ocrx_word' id='word_1_78' title='bbox 557 1665 923 1734; x_wconf 82' lang='lat' dir='ltr'>reperiuntur,</span> <span class='ocrx_word' id='word_1_79' title='bbox 952 1684 1036 1718; x_wconf 73' lang='lat'>111</span> <span class='ocrx_word' id='word_1_80' title='bbox 1069 1682 1132 1717; x_wconf 74' lang='grc' dir='ltr'>ιι.</span> <span class='ocrx_word' id='word_1_81' title='bbox 1166 1683 1300 1736; x_wconf 84' lang='lat' dir='ltr'>pass.</span> <span class='ocrx_word' id='word_1_82' title='bbox 1325 1683 1356 1717; x_wconf 84' lang='lat' dir='ltr'>a</span> 
     </span>
     <span class='ocr_line' id='line_1_14' title="bbox 333 1744 1356 1808; baseline -0.002 -10"><span class='ocrx_word' id='word_1_83' title='bbox 333 1744 578 1798; x_wconf 84' lang='lat' dir='ltr'>Thronio</span> <span class='ocrx_word' id='word_1_84' title='bbox 601 1757 778 1798; x_wconf 83' lang='lat' dir='ltr'>ortum</span> <span class='ocrx_word' id='word_1_85' title='bbox 801 1744 928 1798; x_wconf 86' lang='lat' dir='ltr'>solis</span> <span class='ocrx_word' id='word_1_86' title='bbox 951 1763 1170 1808; x_wconf 59' lang='lat' dir='ltr'>versun</span> <span class='ocrx_word' id='word_1_87' title='bbox 1205 1745 1356 1798; x_wconf 84' lang='lat' dir='ltr'>Scar-</span> 
     </span>
     <span class='ocr_line' id='line_1_15' title="bbox 333 1821 1356 1895; baseline 0 -19"><span class='ocrx_word' id='word_1_88' title='bbox 333 1824 477 1895; x_wconf 75' lang='lat' dir='ltr'>phiae</span> <span class='ocrx_word' id='word_1_89' title='bbox 521 1821 714 1876; x_wconf 82' lang='lat' dir='ltr'>rudera</span> <span class='ocrx_word' id='word_1_90' title='bbox 740 1823 987 1878; x_wconf 80' lang='lat' dir='ltr'>videntur</span> <span class='ocrx_word' id='word_1_91' title='bbox 1019 1843 1090 1877; x_wconf 83' lang='lat'>111</span> <span class='ocrx_word' id='word_1_92' title='bbox 1123 1842 1186 1876; x_wconf 67' lang='lat' dir='ltr'>u.</span> <span class='ocrx_word' id='word_1_93' title='bbox 1221 1842 1356 1892; x_wconf 84' lang='lat' dir='ltr'>pass.</span> 
     </span>
     <span class='ocr_line' id='line_1_16' title="bbox 334 1903 1360 1973; baseline -0.001 -18"><span class='ocrx_word' id='word_1_94' title='bbox 334 1903 472 1956; x_wconf 79' lang='lat' dir='ltr'>infra</span> <span class='ocrx_word' id='word_1_95' title='bbox 531 1903 832 1957; x_wconf 83' lang='lat' dir='ltr'>Thronium</span> <span class='ocrx_word' id='word_1_96' title='bbox 873 1904 930 1956; x_wconf 90' lang='lat' dir='ltr'>in</span> <span class='ocrx_word' id='word_1_97' title='bbox 973 1905 1099 1956; x_wconf 69' lang='lat' dir='ltr'>laeva</span> <span class='ocrx_word' id='word_1_98' title='bbox 1145 1903 1360 1973; x_wconf 71' lang='lat' dir='ltr'>Boagrii</span> 
     </span>
     <span class='ocr_line' id='line_1_17' title="bbox 334 1981 1358 2056; baseline 0.001 -21"><span class='ocrx_word' id='word_1_99' title='bbox 334 1983 490 2054; x_wconf 63' lang='lat' dir='ltr'>ripa,</span> <span class='ocrx_word' id='word_1_100' title='bbox 513 1995 574 2036; x_wconf 91' lang='lat' dir='ltr'>ut</span> <span class='ocrx_word' id='word_1_101' title='bbox 601 1983 657 2035; x_wconf 91' lang='lat' dir='ltr'>in</span> <span class='ocrx_word' id='word_1_102' title='bbox 686 2001 878 2056; x_wconf 85' lang='lat' dir='ltr'>mappa</span> <span class='ocrx_word' id='word_1_103' title='bbox 909 2001 1000 2036; x_wconf 83' lang='lat' dir='ltr'>sua</span> <span class='ocrx_word' id='word_1_104' title='bbox 1034 1981 1234 2036; x_wconf 82' lang='lat' dir='ltr'>indicat</span> <span class='ocrx_word' id='word_1_105' title='bbox 1253 1982 1358 2036; x_wconf 70' lang='lat' dir='ltr'>La·</span> 
     </span>
     <span class='ocr_line' id='line_1_18' title="bbox 337 2063 575 2116; baseline 0 -2"><span class='ocrx_word' id='word_1_106' title='bbox 337 2081 446 2116; x_wconf 70' lang='lat'>1³18.</span> <span class='ocrx_word' id='word_1_107' title='bbox 471 2063 575 2114; x_wconf 84' lang='lat' dir='ltr'>En.</span> 
     </span>
    </p>

    <p class='ocr_par' dir='ltr' id='par_1_9' title="bbox 335 2141 1360 2531">
     <span class='ocr_line' id='line_1_19' title="bbox 420 2141 1357 2213; baseline 0 -19"><span class='ocrx_word' id='word_1_108' title='bbox 420 2149 508 2206; x_wconf 69' lang='lat'>40.</span> <span class='ocrx_word' id='word_1_109' title='bbox 529 2141 614 2194; x_wconf 77' lang='lat' dir='ltr'>Ab</span> <span class='ocrx_word' id='word_1_110' title='bbox 627 2144 812 2196; x_wconf 71' lang='lat' dir='ltr'>incolis.</span> <span class='ocrx_word' id='word_1_111' title='bbox 829 2144 912 2195; x_wconf 80' lang='lat' dir='ltr'>Ab</span> <span class='ocrx_word' id='word_1_112' title='bbox 927 2142 1139 2206; x_wconf 75' lang='lat' dir='ltr'>ineolis,</span> <span class='ocrx_word' id='word_1_113' title='bbox 1159 2141 1357 2213; x_wconf 85' lang='lat' dir='ltr'>inquit,</span> 
     </span>
     <span class='ocr_line' id='line_1_20' title="bbox 335 2221 1359 2276; baseline 0 -2"><span class='ocrx_word' id='word_1_114' title='bbox 335 2223 480 2275; x_wconf 86' lang='lat' dir='ltr'>sinus</span> <span class='ocrx_word' id='word_1_115' title='bbox 510 2221 596 2275; x_wconf 82' lang='lat' dir='ltr'>hic</span> <span class='ocrx_word' id='word_1_116' title='bbox 621 2241 818 2275; x_wconf 85' lang='lat' dir='ltr'>nomen</span> <span class='ocrx_word' id='word_1_117' title='bbox 843 2221 1014 2276; x_wconf 81' lang='lat' dir='ltr'>traxit.</span> <span class='ocrx_word' id='word_1_118' title='bbox 1036 2223 1084 2274; x_wconf 87' lang='lat' dir='ltr'>Ii</span> <span class='ocrx_word' id='word_1_119' title='bbox 1107 2222 1359 2275; x_wconf 82' lang='lat' dir='ltr'>Straboni</span> 
     </span>
     <span class='ocr_line' id='line_1_21' title="bbox 335 2301 1357 2372; baseline -0.004 -16"><span class='ocrx_word' id='word_1_120' title='bbox 335 2305 544 2361; x_wconf 76' lang='grc' dir='ltr'><strong>Μαλιιῖς</strong></span> <span class='ocrx_word' id='word_1_121' title='bbox 571 2302 933 2372; x_wconf 73' lang='lat' dir='ltr'>appellantur,</span> <span class='ocrx_word' id='word_1_122' title='bbox 965 2301 1060 2355; x_wconf 77' lang='lat' dir='ltr'>lib.</span> <span class='ocrx_word' id='word_1_123' title='bbox 1087 2302 1168 2354; x_wconf 84' lang='lat' dir='ltr'>lx</span> <span class='ocrx_word' id='word_1_124' title='bbox 1185 2337 1202 2363; x_wconf 83' lang='lat'><strong>‚</strong></span> <span class='ocrx_word' id='word_1_125' title='bbox 1238 2319 1357 2372; x_wconf 76' lang='lat' dir='ltr'>pag.</span> 
     </span>
     <span class='ocr_line' id='line_1_22' title="bbox 337 2375 1360 2447; baseline 0.002 -15"><span class='ocrx_word' id='word_1_126' title='bbox 337 2380 370 2440; x_wconf 72' lang='grc'>4</span> <span class='ocrx_word' id='word_1_127' title='bbox 383 2399 407 2432; x_wconf 88' lang='lat'>1</span> <span class='ocrx_word' id='word_1_128' title='bbox 419 2385 451 2434; x_wconf 84' lang='lat'><strong>6</strong></span> <span class='ocrx_word' id='word_1_129' title='bbox 461 2421 476 2434; x_wconf 93' lang='lat'>.</span> <span class='ocrx_word' id='word_1_130' title='bbox 500 2375 670 2433; x_wconf 68' lang='lat' dir='ltr'>lium.</span> <span class='ocrx_word' id='word_1_131' title='bbox 686 2381 1026 2435; x_wconf 82' lang='lat' dir='ltr'>—Maliaeus</span> <span class='ocrx_word' id='word_1_132' title='bbox 1039 2381 1200 2447; x_wconf 74' lang='lat' dir='ltr'>sinus,</span> <span class='ocrx_word' id='word_1_133' title='bbox 1215 2399 1360 2434; x_wconf 85' lang='lat' dir='ltr'>nune</span> 
     </span>
     <span class='ocr_line' id='line_1_23' title="bbox 337 2460 1064 2531; baseline 0 -19"><span class='ocrx_word' id='word_1_134' title='bbox 337 2461 382 2512; x_wconf 80' lang='lat' dir='ltr'>Ie</span> <span class='ocrx_word' id='word_1_135' title='bbox 403 2461 538 2531; x_wconf 56' lang='lat' dir='ltr'>gagfe</span> <span class='ocrx_word' id='word_1_136' title='bbox 560 2460 622 2512; x_wconf 79' lang='lat' dir='ltr'>de</span> <span class='ocrx_word' id='word_1_137' title='bbox 641 2461 872 2514; x_wconf 78' lang='lat' dir='ltr'>Zeitomt.</span> <span class='ocrx_word' id='word_1_138' title='bbox 895 2461 1064 2514; x_wconf 68' lang='grc' dir='ltr'><strong>Βιοτ.</strong></span> 
     </span>
    </p>

    <p class='ocr_par' dir='ltr' id='par_1_10' title="bbox 331 2537 1364 3326">
     <span class='ocr_line' id='line_1_24' title="bbox 421 2537 1358 2612; baseline -0.001 -18"><span class='ocrx_word' id='word_1_139' title='bbox 421 2546 513 2605; x_wconf 73' lang='lat'>41.</span> <span class='ocrx_word' id='word_1_140' title='bbox 560 2539 842 2604; x_wconf 76' lang='lat' dir='ltr'>Halcyone,</span> <span class='ocrx_word' id='word_1_141' title='bbox 892 2541 1102 2593; x_wconf 64' lang='lat' dir='ltr'>Etonia.</span> <span class='ocrx_word' id='word_1_142' title='bbox 1129 2537 1358 2612; x_wconf 81' lang='lat' dir='ltr'>Halcyo-</span> 
     </span>
     <span class='ocr_line' id='line_1_25' title="bbox 331 2618 1356 2691; baseline -0.002 -16"><span class='ocrx_word' id='word_1_143' title='bbox 331 2618 584 2675; x_wconf 84' lang='lat' dir='ltr'>nensinm</span> <span class='ocrx_word' id='word_1_144' title='bbox 633 2620 850 2673; x_wconf 80' lang='lat' dir='ltr'>unicum</span> <span class='ocrx_word' id='word_1_145' title='bbox 882 2659 898 2687; x_wconf 90' lang='lat'>,</span> <span class='ocrx_word' id='word_1_146' title='bbox 949 2618 1096 2691; x_wconf 86' lang='lat' dir='ltr'>quod</span> <span class='ocrx_word' id='word_1_147' title='bbox 1141 2619 1356 2691; x_wconf 81' lang='lat' dir='ltr'>quidem</span> 
     </span>
     <span class='ocr_line' id='line_1_26' title="bbox 336 2698 1361 2773; baseline -0.003 -20"><span class='ocrx_word' id='word_1_148' title='bbox 336 2700 495 2753; x_wconf 84' lang='lat' dir='ltr'>sciam</span> <span class='ocrx_word' id='word_1_149' title='bbox 507 2738 522 2765; x_wconf 90' lang='lat'>,</span> <span class='ocrx_word' id='word_1_150' title='bbox 537 2718 700 2751; x_wconf 87' lang='lat' dir='ltr'>monu</span> <span class='ocrx_word' id='word_1_151' title='bbox 709 2713 942 2753; x_wconf 86' lang='lat' dir='ltr'>mentum</span> <span class='ocrx_word' id='word_1_152' title='bbox 959 2710 1124 2773; x_wconf 68' lang='lat' dir='ltr'>eatstat</span> <span class='ocrx_word' id='word_1_153' title='bbox 1137 2698 1196 2751; x_wconf 84' lang='lat' dir='ltr'>in</span> <span class='ocrx_word' id='word_1_154' title='bbox 1207 2718 1361 2751; x_wconf 83' lang='lat' dir='ltr'>num·</span> 
     </span>
     <span class='ocr_line' id='line_1_27' title="bbox 339 2777 1354 2851; baseline -0.003 -19"><span class='ocrx_word' id='word_1_155' title='bbox 339 2798 429 2832; x_wconf 87' lang='lat' dir='ltr'>mo</span> <span class='ocrx_word' id='word_1_156' title='bbox 470 2778 648 2833; x_wconf 80' lang='lat' dir='ltr'>Severi</span> <span class='ocrx_word' id='word_1_157' title='bbox 697 2781 836 2851; x_wconf 88' lang='lat' dir='ltr'>Imp.</span> <span class='ocrx_word' id='word_1_158' title='bbox 879 2798 946 2832; x_wconf 85' lang='lat' dir='ltr'>ex</span> <span class='ocrx_word' id='word_1_159' title='bbox 973 2797 1075 2832; x_wconf 65' lang='lat' dir='ltr'>are</span> <span class='ocrx_word' id='word_1_160' title='bbox 1115 2777 1354 2839; x_wconf 81' lang='lat' dir='ltr'>minore,</span> 
     </span>
     <span class='ocr_line' id='line_1_28' title="bbox 335 2856 1360 2929; baseline -0.001 -18"><span class='ocrx_word' id='word_1_161' title='bbox 335 2858 432 2929; x_wconf 86' lang='lat' dir='ltr'>qui</span> <span class='ocrx_word' id='word_1_162' title='bbox 481 2859 537 2911; x_wconf 87' lang='lat' dir='ltr'>in</span> <span class='ocrx_word' id='word_1_163' title='bbox 584 2857 862 2911; x_wconf 76' lang='lat' dir='ltr'>parisiensi</span> <span class='ocrx_word' id='word_1_164' title='bbox 908 2870 1092 2911; x_wconf 82' lang='lat' dir='ltr'>nostro</span> <span class='ocrx_word' id='word_1_165' title='bbox 1133 2856 1360 2912; x_wconf 87' lang='lat' dir='ltr'>Cimelio</span> 
     </span>
     <span class='ocr_line' id='line_1_29' title="bbox 336 2938 1359 3008; baseline -0.003 -17"><span class='ocrx_word' id='word_1_166' title='bbox 336 2950 660 3003; x_wconf 81' lang='lat' dir='ltr'>asservatur,</span> <span class='ocrx_word' id='word_1_167' title='bbox 699 2941 852 3007; x_wconf 86' lang='lat' dir='ltr'>cujus</span> <span class='ocrx_word' id='word_1_168' title='bbox 893 2938 1218 3008; x_wconf 74' lang='lat' dir='ltr'>epigraphe,</span> <span class='ocrx_word' id='word_1_169' title='bbox 1243 2942 1359 2989; x_wconf 71' lang='lat' dir='ltr'>AA-</span> 
     </span>
     <span class='ocr_line' id='line_1_30' title="bbox 337 3016 1360 3071; baseline -0.003 0"><span class='ocrx_word' id='word_1_170' title='bbox 337 3022 658 3071; x_wconf 65' lang='lat' dir='ltr'>nonum.</span> <span class='ocrx_word' id='word_1_171' title='bbox 704 3018 782 3069; x_wconf 86' lang='lat' dir='ltr'>De</span> <span class='ocrx_word' id='word_1_172' title='bbox 824 3017 1024 3071; x_wconf 84' lang='lat' dir='ltr'>Eeonia</span> <span class='ocrx_word' id='word_1_173' title='bbox 1048 3016 1186 3069; x_wconf 85' lang='lat' dir='ltr'>nihil</span> <span class='ocrx_word' id='word_1_174' title='bbox 1215 3033 1360 3069; x_wconf 84' lang='lat' dir='ltr'>com·</span> 
     </span>
     <span class='ocr_line' id='line_1_31' title="bbox 337 3097 1361 3169; baseline -0.001 -19"><span class='ocrx_word' id='word_1_175' title='bbox 337 3109 574 3168; x_wconf 81' lang='lat' dir='ltr'>pertum.</span> <span class='ocrx_word' id='word_1_176' title='bbox 618 3097 820 3168; x_wconf 72' lang='lat' dir='ltr'>Atqui</span> <span class='ocrx_word' id='word_1_177' title='bbox 862 3116 959 3169; x_wconf 67' lang='lat' dir='ltr'>pro</span> <span class='ocrx_word' id='word_1_178' title='bbox 985 3108 1208 3166; x_wconf 80' lang='lat' dir='ltr'>utraque</span> <span class='ocrx_word' id='word_1_179' title='bbox 1233 3114 1361 3149; x_wconf 78' lang='lat' dir='ltr'>voce</span> 
     </span>
     <span class='ocr_line' id='line_1_32' title="bbox 340 3175 1363 3249; baseline -0.003 -19"><span class='ocrx_word' id='word_1_180' title='bbox 340 3179 395 3230; x_wconf 86' lang='lat' dir='ltr'><em>A</em></span> <span class='ocrx_word' id='word_1_181' title='bbox 397 3178 702 3241; x_wconf 73' lang='lat' dir='ltr'>hlcomenen,</span> <span class='ocrx_word' id='word_1_182' title='bbox 712 3178 1008 3249; x_wconf 79' lang='lat' dir='ltr'>Itoniamque</span> <span class='ocrx_word' id='word_1_183' title='bbox 1017 3175 1363 3239; x_wconf 83' lang='lat' dir='ltr'>substituunt,</span> 
     </span>
     <span class='ocr_line' id='line_1_33' title="bbox 339 3253 1364 3326; baseline -0.002 -17"><span class='ocrx_word' id='word_1_184' title='bbox 339 3254 670 3311; x_wconf 80' lang='lat' dir='ltr'>confidenter</span> <span class='ocrx_word' id='word_1_185' title='bbox 694 3256 916 3309; x_wconf 85' lang='lat' dir='ltr'>nimium</span> <span class='ocrx_word' id='word_1_186' title='bbox 937 3256 1087 3309; x_wconf 83' lang='lat' dir='ltr'>libris</span> <span class='ocrx_word' id='word_1_187' title='bbox 1106 3253 1364 3326; x_wconf 78' lang='lat' dir='ltr'>derogant</span> 
     </span>
    </p>
   </div>
   <div class='ocr_carea' id='block_1_5' title="bbox 339 3334 1362 3466">
    <p class='ocr_par' dir='ltr' id='par_1_11' title="bbox 339 3334 1362 3466">
     <span class='ocr_line' id='line_1_34' title="bbox 339 3334 1362 3465; baseline -0.001 -77"><span class='ocrx_word' id='word_1_188' title='bbox 339 3334 502 3465; x_wconf 55' lang='lat' dir='ltr'>{iidem</span> <span class='ocrx_word' id='word_1_189' title='bbox 525 3377 543 3400; x_wconf 84' lang='grc'><strong><em>,</em></strong></span> <span class='ocrx_word' id='word_1_190' title='bbox 577 3350 638 3390; x_wconf 86' lang='lat' dir='ltr'>ut</span> <span class='ocrx_word' id='word_1_191' title='bbox 680 3335 986 3408; x_wconf 76' lang='lat' dir='ltr'>indulgeant</span> <span class='ocrx_word' id='word_1_192' title='bbox 1028 3336 1362 3407; x_wconf 67' lang='lat' dir='ltr'>conjecturo.</span> 
     </span>
     <span class='ocr_line' id='line_1_35' title="bbox 395 3430 526 3466; baseline -0.008 0"><span class='ocrx_word' id='word_1_193' title='bbox 395 3430 526 3466; x_wconf 71' lang='lat' dir='ltr'>nn.</span> 
     </span>
    </p>
   </div>
   <div class='ocr_carea' id='block_1_6' title="bbox 339 3493 1370 4203">
    <p class='ocr_par' dir='ltr' id='par_1_12' title="bbox 339 3493 1370 4203">
     <span class='ocr_line' id='line_1_36' title="bbox 426 3493 1364 3563; baseline -0.005 -14"><span class='ocrx_word' id='word_1_194' title='bbox 426 3501 517 3559; x_wconf 71' lang='lat'>4².</span> <span class='ocrx_word' id='word_1_195' title='bbox 539 3494 776 3548; x_wconf 76' lang='lat' dir='ltr'>Phalara.</span> <span class='ocrx_word' id='word_1_196' title='bbox 799 3494 1004 3563; x_wconf 74' lang='grc' dir='ltr'>Φάλαρα</span> <span class='ocrx_word' id='word_1_197' title='bbox 1030 3513 1061 3548; x_wconf 80' lang='lat' dir='ltr'>a</span> <span class='ocrx_word' id='word_1_198' title='bbox 1095 3493 1364 3563; x_wconf 71' lang='lat' dir='ltr'>Stephano</span> 
     </span>
     <span class='ocr_line' id='line_1_37' title="bbox 339 3574 1363 3644; baseline -0.002 -17"><span class='ocrx_word' id='word_1_199' title='bbox 339 3576 479 3636; x_wconf 78' lang='grc' dir='ltr'>πόλις</span> <span class='ocrx_word' id='word_1_200' title='bbox 527 3575 806 3633; x_wconf 70' lang='grc' dir='ltr'><strong>Θετταλίας</strong></span> <span class='ocrx_word' id='word_1_201' title='bbox 859 3574 1078 3636; x_wconf 80' lang='lat' dir='ltr'>dieitur,</span> <span class='ocrx_word' id='word_1_202' title='bbox 1121 3575 1270 3644; x_wconf 83' lang='lat' dir='ltr'>cujus</span> <span class='ocrx_word' id='word_1_203' title='bbox 1307 3574 1363 3625; x_wconf 87' lang='lat' dir='ltr'>in</span> 
     </span>
     <span class='ocr_line' id='line_1_38' title="bbox 341 3652 1364 3723; baseline -0.002 -16"><span class='ocrx_word' id='word_1_204' title='bbox 341 3654 573 3707; x_wconf 84' lang='lat' dir='ltr'>confinio</span> <span class='ocrx_word' id='word_1_205' title='bbox 615 3652 803 3723; x_wconf 85' lang='lat' dir='ltr'>posita.</span> <span class='ocrx_word' id='word_1_206' title='bbox 837 3653 902 3705; x_wconf 89' lang='lat' dir='ltr'>In</span> <span class='ocrx_word' id='word_1_207' title='bbox 933 3654 1052 3707; x_wconf 86' lang='lat' dir='ltr'>sinu</span> <span class='ocrx_word' id='word_1_208' title='bbox 1081 3654 1308 3705; x_wconf 80' lang='lat' dir='ltr'>Maliaco</span> <span class='ocrx_word' id='word_1_209' title='bbox 1333 3670 1364 3705; x_wconf 81' lang='lat' dir='ltr'>a</span> 
     </span>
     <span class='ocr_line' id='line_1_39' title="bbox 341 3732 1363 3798; baseline -0.003 -11"><span class='ocrx_word' id='word_1_210' title='bbox 341 3734 498 3788; x_wconf 81' lang='lat' dir='ltr'>Livio</span> <span class='ocrx_word' id='word_1_211' title='bbox 529 3733 846 3798; x_wconf 80' lang='lat' dir='ltr'>collocatur,</span> <span class='ocrx_word' id='word_1_212' title='bbox 872 3732 970 3785; x_wconf 86' lang='lat' dir='ltr'>lib.</span> <span class='ocrx_word' id='word_1_213' title='bbox 1007 3732 1274 3797; x_wconf 79' lang='lat' dir='ltr'>XXXVI,</span> <span class='ocrx_word' id='word_1_214' title='bbox 1316 3750 1363 3784; x_wconf 88' lang='lat' dir='ltr'>c.</span> 
     </span>
     <span class='ocr_line' id='line_1_40' title="bbox 346 3812 1367 3885; baseline -0.004 -18"><span class='ocrx_word' id='word_1_215' title='bbox 346 3832 418 3881; x_wconf 73' lang='lat'>²9</span> <span class='ocrx_word' id='word_1_216' title='bbox 441 3850 458 3877; x_wconf 88' lang='lat'>‚</span> <span class='ocrx_word' id='word_1_217' title='bbox 501 3831 676 3885; x_wconf 81' lang='lat' dir='ltr'>prope</span> <span class='ocrx_word' id='word_1_218' title='bbox 731 3812 967 3875; x_wconf 68' lang='lat' dir='ltr'>Lamiam</span> <span class='ocrx_word' id='word_1_219' title='bbox 994 3852 1009 3874; x_wconf 88' lang='lat'>,</span> <span class='ocrx_word' id='word_1_220' title='bbox 1053 3812 1367 3865; x_wconf 66' lang='lat' dir='ltr'>Phthioticis</span> 
     </span>
     <span class='ocr_line' id='line_1_41' title="bbox 342 3890 1366 3963; baseline -0.002 -18"><span class='ocrx_word' id='word_1_221' title='bbox 342 3893 618 3947; x_wconf 62' lang='lat' dir='ltr'>Thessalia!</span> <span class='ocrx_word' id='word_1_222' title='bbox 660 3890 919 3963; x_wconf 83' lang='lat' dir='ltr'>oppidum</span> <span class='ocrx_word' id='word_1_223' title='bbox 937 3930 953 3956; x_wconf 91' lang='lat'>,</span> <span class='ocrx_word' id='word_1_224' title='bbox 981 3890 1050 3945; x_wconf 84' lang='lat' dir='ltr'>de</span> <span class='ocrx_word' id='word_1_225' title='bbox 1075 3910 1184 3961; x_wconf 86' lang='lat' dir='ltr'>quo</span> <span class='ocrx_word' id='word_1_226' title='bbox 1225 3908 1366 3943; x_wconf 81' lang='lat' dir='ltr'>mox.</span> 
     </span>
     <span class='ocr_line' id='line_1_42' title="bbox 341 3968 1366 4045; baseline -0.003 -20"><span class='ocrx_word' id='word_1_227' title='bbox 341 3972 593 4043; x_wconf 68' lang='grc' dir='ltr'>Φολωριὰς</span> <span class='ocrx_word' id='word_1_228' title='bbox 627 3972 896 4045; x_wconf 74' lang='lat' dir='ltr'>Lycophr.</span> <span class='ocrx_word' id='word_1_229' title='bbox 924 3990 1060 4025; x_wconf 77' lang='lat' dir='ltr'>vers.</span> <span class='ocrx_word' id='word_1_230' title='bbox 1092 3988 1115 4023; x_wconf 86' lang='lat'>1</span> <span class='ocrx_word' id='word_1_231' title='bbox 1133 3988 1151 4023; x_wconf 79' lang='lat' dir='ltr'>t</span> <span class='ocrx_word' id='word_1_232' title='bbox 1169 3977 1259 4041; x_wconf 75' lang='lat'>⁴7·</span> <span class='ocrx_word' id='word_1_233' title='bbox 1297 3968 1366 4022; x_wconf 83' lang='lat' dir='ltr'>H.</span> 
     </span>
     <span class='ocr_line' id='line_1_43' title="bbox 343 4052 1370 4120; baseline -0.003 -14"><span class='ocrx_word' id='word_1_234' title='bbox 343 4082 424 4093; x_wconf 89' lang='lat'>-—-</span> <span class='ocrx_word' id='word_1_235' title='bbox 445 4053 638 4107; x_wconf 77' lang='lat' dir='ltr'>Leucis</span> <span class='ocrx_word' id='word_1_236' title='bbox 665 4052 875 4107; x_wconf 84' lang='lat' dir='ltr'>duobus</span> <span class='ocrx_word' id='word_1_237' title='bbox 901 4070 930 4104; x_wconf 82' lang='lat' dir='ltr'>a</span> <span class='ocrx_word' id='word_1_238' title='bbox 969 4052 1184 4103; x_wconf 73' lang='lat' dir='ltr'>Zaitoan</span> <span class='ocrx_word' id='word_1_239' title='bbox 1218 4068 1370 4120; x_wconf 86' lang='lat' dir='ltr'>repe-</span> 
     </span>
     <span class='ocr_line' id='line_1_44' title="bbox 343 4131 1090 4203; baseline 0 -20"><span class='ocrx_word' id='word_1_240' title='bbox 343 4131 564 4187; x_wconf 82' lang='lat' dir='ltr'>riuntur</span> <span class='ocrx_word' id='word_1_241' title='bbox 588 4134 704 4203; x_wconf 83' lang='lat' dir='ltr'>ejus</span> <span class='ocrx_word' id='word_1_242' title='bbox 729 4131 962 4202; x_wconf 70' lang='lat' dir='ltr'>vestigia.</span> <span class='ocrx_word' id='word_1_243' title='bbox 987 4132 1090 4185; x_wconf 83' lang='lat' dir='ltr'>En.</span> 
     </span>
    </p>
   </div>
   <div class='ocr_carea' id='block_1_7' title="bbox 455 4242 555 4308">
    <p class='ocr_par' dir='ltr' id='par_1_13' title="bbox 455 4242 555 4308">
     <span class='ocr_line' id='line_1_45' title="bbox 455 4242 555 4308; baseline -0.01 0"><span class='ocrx_word' id='word_1_244' title='bbox 455 4242 555 4308; x_wconf 88' lang='lat' dir='ltr'>II.</span> 
     </span>
    </p>
   </div>
   <div class='ocr_carea' id='block_1_8' title="bbox 1441 1347 2476 3566">
    <p class='ocr_par' dir='ltr' id='par_1_14' title="bbox 1441 1347 2465 1730">
     <span class='ocr_line' id='line_1_46' title="bbox 1522 1347 2463 1418; baseline 0.005 -19"><span class='ocrx_word' id='word_1_245' title='bbox 1522 1347 1677 1401; x_wconf 85' lang='lat' dir='ltr'>xm.</span> <span class='ocrx_word' id='word_1_246' title='bbox 1710 1365 1757 1400; x_wconf 75' lang='grc' dir='ltr'><strong>ι.</strong></span> <span class='ocrx_word' id='word_1_247' title='bbox 1784 1348 2051 1418; x_wconf 67' lang='lat' dir='ltr'>Spes-chios.</span> <span class='ocrx_word' id='word_1_248' title='bbox 2080 1348 2169 1402; x_wconf 79' lang='lat' dir='ltr'>Ab</span> <span class='ocrx_word' id='word_1_249' title='bbox 2192 1367 2349 1403; x_wconf 83' lang='lat' dir='ltr'>amne</span> <span class='ocrx_word' id='word_1_250' title='bbox 2372 1370 2463 1404; x_wconf 86' lang='lat' dir='ltr'>co-</span> 
     </span>
     <span class='ocr_line' id='line_1_47' title="bbox 1441 1425 2461 1498; baseline 0.003 -19"><span class='ocrx_word' id='word_1_251' title='bbox 1441 1428 1719 1497; x_wconf 74' lang='lat' dir='ltr'>gnomine,</span> <span class='ocrx_word' id='word_1_252' title='bbox 1756 1425 1825 1480; x_wconf 82' lang='lat' dir='ltr'>(le</span> <span class='ocrx_word' id='word_1_253' title='bbox 1864 1446 1975 1498; x_wconf 87' lang='lat' dir='ltr'>quo</span> <span class='ocrx_word' id='word_1_254' title='bbox 1999 1429 2174 1481; x_wconf 86' lang='lat' dir='ltr'>statim</span> <span class='ocrx_word' id='word_1_255' title='bbox 2206 1427 2461 1482; x_wconf 83' lang='lat' dir='ltr'>dicemus.</span> 
     </span>
     <span class='ocr_line' id='line_1_48' title="bbox 1442 1506 2461 1581; baseline 0.003 -22"><span class='ocrx_word' id='word_1_256' title='bbox 1442 1508 1687 1577; x_wconf 68' lang='grc' dir='ltr'>Σπίρχιια</span> <span class='ocrx_word' id='word_1_257' title='bbox 1719 1506 2037 1570; x_wconf 72' lang='lat' dir='ltr'>Ptolemaeo,</span> <span class='ocrx_word' id='word_1_258' title='bbox 2082 1507 2319 1572; x_wconf 77' lang='lat' dir='ltr'>lit»..111,</span> <span class='ocrx_word' id='word_1_259' title='bbox 2346 1528 2461 1581; x_wconf 79' lang='lat' dir='ltr'>cap.</span> 
     </span>
     <span class='ocr_line' id='line_1_49' title="bbox 1450 1585 2465 1658; baseline 0.002 -18"><span class='ocrx_word' id='word_1_260' title='bbox 1450 1587 1517 1640; x_wconf 82' lang='lat'>13</span> <span class='ocrx_word' id='word_1_261' title='bbox 1537 1625 1553 1650; x_wconf 90' lang='lat'>,</span> <span class='ocrx_word' id='word_1_262' title='bbox 1591 1586 1731 1640; x_wconf 84' lang='lat' dir='ltr'>inter</span> <span class='ocrx_word' id='word_1_263' title='bbox 1772 1585 2041 1639; x_wconf 83' lang='lat' dir='ltr'>Echinum</span> <span class='ocrx_word' id='word_1_264' title='bbox 2067 1625 2085 1650; x_wconf 89' lang='lat'>‚</span> <span class='ocrx_word' id='word_1_265' title='bbox 2125 1600 2178 1639; x_wconf 90' lang='lat' dir='ltr'>et</span> <span class='ocrx_word' id='word_1_266' title='bbox 2220 1585 2465 1658; x_wconf 82' lang='lat' dir='ltr'>Sperchii</span> 
     </span>
     <span class='ocr_line' id='line_1_50' title="bbox 1441 1664 2462 1730; baseline 0.002 -12"><span class='ocrx_word' id='word_1_267' title='bbox 1441 1666 1616 1718; x_wconf 82' lang='lat' dir='ltr'>amnis</span> <span class='ocrx_word' id='word_1_268' title='bbox 1653 1666 1817 1730; x_wconf 81' lang='lat' dir='ltr'>ostia,</span> <span class='ocrx_word' id='word_1_269' title='bbox 1844 1666 1899 1718; x_wconf 88' lang='lat' dir='ltr'>iu</span> <span class='ocrx_word' id='word_1_270' title='bbox 1930 1664 2255 1720; x_wconf 72' lang='lat' dir='ltr'>Phthiotide.</span> <span class='ocrx_word' id='word_1_271' title='bbox 2284 1664 2462 1720; x_wconf 60' lang='lat' dir='ltr'>Han.</span> 
     </span>
    </p>

    <p class='ocr_par' dir='ltr' id='par_1_15' title="bbox 1441 1745 2467 2286">
     <span class='ocr_line' id='line_1_51' title="bbox 1528 1745 2465 1818; baseline 0.002 -21"><span class='ocrx_word' id='word_1_272' title='bbox 1528 1764 1576 1798; x_wconf 77' lang='lat' dir='ltr'>a.</span> <span class='ocrx_word' id='word_1_273' title='bbox 1595 1745 1812 1796; x_wconf 66' lang='lat' dir='ltr'>Erimon</span> <span class='ocrx_word' id='word_1_274' title='bbox 1827 1781 1843 1805; x_wconf 81' lang='grc'><em>,</em></span> <span class='ocrx_word' id='word_1_275' title='bbox 1860 1757 1957 1798; x_wconf 88' lang='lat' dir='ltr'>ete.</span> <span class='ocrx_word' id='word_1_276' title='bbox 1978 1745 2255 1799; x_wconf 76' lang='lat' dir='ltr'>Dorienses</span> <span class='ocrx_word' id='word_1_277' title='bbox 2268 1745 2465 1818; x_wconf 87' lang='lat' dir='ltr'>,inquit</span> 
     </span>
     <span class='ocr_line' id='line_1_52' title="bbox 1445 1824 2465 1896; baseline 0.001 -19"><span class='ocrx_word' id='word_1_278' title='bbox 1445 1825 1658 1888; x_wconf 87' lang='lat' dir='ltr'>Strabo,</span> <span class='ocrx_word' id='word_1_279' title='bbox 1692 1824 1786 1877; x_wconf 88' lang='lat' dir='ltr'>lib.</span> <span class='ocrx_word' id='word_1_280' title='bbox 1821 1825 1927 1888; x_wconf 84' lang='lat' dir='ltr'>lx,</span> <span class='ocrx_word' id='word_1_281' title='bbox 1962 1843 2021 1896; x_wconf 88' lang='lat' dir='ltr'>p.</span> <span class='ocrx_word' id='word_1_282' title='bbox 2045 1832 2172 1894; x_wconf 73' lang='lat'>427,</span> <span class='ocrx_word' id='word_1_283' title='bbox 2193 1826 2465 1896; x_wconf 77' lang='lat' dir='ltr'>regionem</span> 
     </span>
     <span class='ocr_line' id='line_1_53' title="bbox 1442 1895 2464 1975; baseline 0.003 -20"><span class='ocrx_word' id='word_1_284' title='bbox 1442 1895 1742 1968; x_wconf 70' lang='lat' dir='ltr'>incoluere,</span> <span class='ocrx_word' id='word_1_285' title='bbox 1776 1921 1805 1956; x_wconf 85' lang='lat' dir='ltr'>a</span> <span class='ocrx_word' id='word_1_286' title='bbox 1832 1915 2061 1975; x_wconf 80' lang='lat' dir='ltr'>quatuor</span> <span class='ocrx_word' id='word_1_287' title='bbox 2106 1905 2333 1958; x_wconf 84' lang='lat' dir='ltr'>urbibus</span> <span class='ocrx_word' id='word_1_288' title='bbox 2360 1906 2464 1958; x_wconf 88' lang='lat' dir='ltr'>Te-</span> 
     </span>
     <span class='ocr_line' id='line_1_54' title="bbox 1444 1982 2467 2054; baseline 0.002 -19"><span class='ocrx_word' id='word_1_289' title='bbox 1444 1982 1691 2052; x_wconf 83' lang='lat' dir='ltr'>trapolim</span> <span class='ocrx_word' id='word_1_290' title='bbox 1726 1983 2063 2054; x_wconf 74' lang='lat' dir='ltr'>appellatam.</span> <span class='ocrx_word' id='word_1_291' title='bbox 2096 1984 2325 2036; x_wconf 79' lang='lat' dir='ltr'>Urbium</span> <span class='ocrx_word' id='word_1_292' title='bbox 2354 1985 2467 2037; x_wconf 79' lang='lat' dir='ltr'>hoec-</span> 
     </span>
     <span class='ocr_line' id='line_1_55' title="bbox 1441 2053 2467 2132; baseline 0.002 -18"><span class='ocrx_word' id='word_1_293' title='bbox 1441 2062 1659 2114; x_wconf 83' lang='lat' dir='ltr'>nomina</span> <span class='ocrx_word' id='word_1_294' title='bbox 1674 2101 1691 2126; x_wconf 86' lang='lat'>,</span> <span class='ocrx_word' id='word_1_295' title='bbox 1709 2053 1915 2132; x_wconf 65' lang='lat' dir='ltr'>Epium,</span> <span class='ocrx_word' id='word_1_296' title='bbox 1937 2065 2089 2123; x_wconf 78' lang='grc' dir='ltr'><strong>Βοῖον,</strong></span> <span class='ocrx_word' id='word_1_297' title='bbox 2119 2059 2299 2123; x_wconf 57' lang='grc' dir='ltr'><strong>Πένθος</strong></span> <span class='ocrx_word' id='word_1_298' title='bbox 2315 2101 2331 2125; x_wconf 81' lang='grc'><em>,</em></span> <span class='ocrx_word' id='word_1_299' title='bbox 2366 2071 2467 2116; x_wconf 77' lang='lat' dir='ltr'>Ku-</span> 
     </span>
     <span class='ocr_line' id='line_1_56' title="bbox 1443 2139 2467 2198; baseline 0.003 -4"><span class='ocrx_word' id='word_1_300' title='bbox 1443 2141 1605 2196; x_wconf 76' lang='grc' dir='ltr'><strong>τίνων.</strong></span> <span class='ocrx_word' id='word_1_301' title='bbox 1634 2139 1702 2193; x_wconf 84' lang='grc' dir='ltr'><strong>Η.</strong></span> <span class='ocrx_word' id='word_1_302' title='bbox 1716 2141 2043 2194; x_wconf 73' lang='grc' dir='ltr'>-Ετὶυοου</span> <span class='ocrx_word' id='word_1_303' title='bbox 2064 2142 2281 2195; x_wconf 77' lang='lat' dir='ltr'>sortasse</span> <span class='ocrx_word' id='word_1_304' title='bbox 2302 2143 2467 2198; x_wconf 82' lang='lat' dir='ltr'>hodie</span> 
     </span>
     <span class='ocr_line' id='line_1_57' title="bbox 1444 2219 2435 2286; baseline 0.003 -14"><span class='ocrx_word' id='word_1_305' title='bbox 1444 2219 1840 2286; x_wconf 75' lang='lat' dir='ltr'>Palea-Choria,</span> <span class='ocrx_word' id='word_1_306' title='bbox 1870 2221 2059 2274; x_wconf 86' lang='lat' dir='ltr'>Boium</span> <span class='ocrx_word' id='word_1_307' title='bbox 2078 2261 2092 2282; x_wconf 85' lang='lat'>.</span> <span class='ocrx_word' id='word_1_308' title='bbox 2127 2222 2301 2274; x_wconf 71' lang='lat' dir='ltr'>Bruto.</span> <span class='ocrx_word' id='word_1_309' title='bbox 2330 2223 2435 2276; x_wconf 82' lang='lat' dir='ltr'>En.</span> 
     </span>
    </p>

    <p class='ocr_par' dir='ltr' id='par_1_16' title="bbox 1443 2299 2470 2831">
     <span class='ocr_line' id='line_1_58' title="bbox 1527 2299 2464 2372; baseline 0.003 -20"><span class='ocrx_word' id='word_1_310' title='bbox 1527 2299 1580 2352; x_wconf 85' lang='lat'>3.</span> <span class='ocrx_word' id='word_1_311' title='bbox 1623 2299 1783 2353; x_wconf 68' lang='lat' dir='ltr'>(Em.</span> <span class='ocrx_word' id='word_1_312' title='bbox 1812 2299 1981 2362; x_wconf 79' lang='lat' dir='ltr'>Mela,</span> <span class='ocrx_word' id='word_1_313' title='bbox 2008 2300 2104 2353; x_wconf 83' lang='lat' dir='ltr'>lib.</span> <span class='ocrx_word' id='word_1_314' title='bbox 2126 2301 2211 2362; x_wconf 87' lang='lat'>11,</span> <span class='ocrx_word' id='word_1_315' title='bbox 2238 2319 2353 2372; x_wconf 82' lang='lat' dir='ltr'>cap.</span> <span class='ocrx_word' id='word_1_316' title='bbox 2388 2303 2419 2354; x_wconf 89' lang='grc'>3</span> <span class='ocrx_word' id='word_1_317' title='bbox 2448 2320 2464 2355; x_wconf 75' lang='grc' dir='ltr'><strong><em>ε</em></strong></span> 
     </span>
     <span class='ocr_line' id='line_1_59' title="bbox 1445 2378 2470 2435; baseline 0.004 -5"><span class='ocrx_word' id='word_1_318' title='bbox 1445 2394 1470 2421; x_wconf 77' lang='lat'>⁴¹</span> <span class='ocrx_word' id='word_1_319' title='bbox 1486 2378 1785 2432; x_wconf 68' lang='lat' dir='ltr'>Novissime</span> <span class='ocrx_word' id='word_1_320' title='bbox 1798 2381 2057 2432; x_wconf 76' lang='lat' dir='ltr'>calcatum</span> <span class='ocrx_word' id='word_1_321' title='bbox 2070 2379 2233 2434; x_wconf 87' lang='lat' dir='ltr'>Graio</span> <span class='ocrx_word' id='word_1_322' title='bbox 2250 2379 2470 2435; x_wconf 82' lang='lat' dir='ltr'>Herculi</span> 
     </span>
     <span class='ocr_line' id='line_1_60' title="bbox 1444 2458 2469 2516; baseline 0.002 -4"><span class='ocrx_word' id='word_1_323' title='bbox 1444 2458 1644 2516; x_wconf 81' lang='lat' dir='ltr'>solum,</span> <span class='ocrx_word' id='word_1_324' title='bbox 1686 2459 1904 2512; x_wconf 76' lang='lat' dir='ltr'>OEtaeus</span> <span class='ocrx_word' id='word_1_325' title='bbox 1942 2460 2125 2513; x_wconf 84' lang='lat' dir='ltr'>saltus.</span> <span class='ocrx_word' id='word_1_326' title='bbox 2160 2485 2181 2506; x_wconf 75' lang='lat' dir='ltr'>a·</span> <span class='ocrx_word' id='word_1_327' title='bbox 2225 2462 2272 2511; x_wconf 74' lang='lat' dir='ltr'>A</span> <span class='ocrx_word' id='word_1_328' title='bbox 2295 2461 2469 2514; x_wconf 82' lang='lat' dir='ltr'>Ther-</span> 
     </span>
     <span class='ocr_line' id='line_1_61' title="bbox 1445 2537 2469 2609; baseline 0.002 -18"><span class='ocrx_word' id='word_1_329' title='bbox 1445 2537 1679 2609; x_wconf 81' lang='lat' dir='ltr'>mopylis</span> <span class='ocrx_word' id='word_1_330' title='bbox 1702 2552 1755 2592; x_wconf 84' lang='lat' dir='ltr'>et</span> <span class='ocrx_word' id='word_1_331' title='bbox 1795 2551 1915 2593; x_wconf 83' lang='lat' dir='ltr'>ortu</span> <span class='ocrx_word' id='word_1_332' title='bbox 1955 2540 2103 2605; x_wconf 82' lang='lat' dir='ltr'>solis,</span> <span class='ocrx_word' id='word_1_333' title='bbox 2128 2537 2197 2594; x_wconf 81' lang='lat' dir='ltr'>ad</span> <span class='ocrx_word' id='word_1_334' title='bbox 2226 2558 2469 2595; x_wconf 82' lang='lat' dir='ltr'>occasum</span> 
     </span>
     <span class='ocr_line' id='line_1_62' title="bbox 1443 2619 2468 2691; baseline 0.005 -22"><span class='ocrx_word' id='word_1_335' title='bbox 1443 2619 1895 2689; x_wconf 79' lang='lat' dir='ltr'>Ambraciumque</span> <span class='ocrx_word' id='word_1_336' title='bbox 1936 2619 2109 2671; x_wconf 82' lang='lat' dir='ltr'>sinum</span> <span class='ocrx_word' id='word_1_337' title='bbox 2157 2620 2468 2691; x_wconf 79' lang='lat' dir='ltr'>porrigitur.</span> 
     </span>
     <span class='ocr_line' id='line_1_63' title="bbox 1445 2696 2470 2754; baseline 0.006 -6"><span class='ocrx_word' id='word_1_338' title='bbox 1445 2696 1629 2750; x_wconf 49' lang='lat' dir='ltr'>litun.</span> <span class='ocrx_word' id='word_1_339' title='bbox 1657 2730 1740 2740; x_wconf 94' lang='lat'>—</span> <span class='ocrx_word' id='word_1_340' title='bbox 1776 2698 2111 2751; x_wconf 72' lang='lat' dir='ltr'>Catavoehm·</span> <span class='ocrx_word' id='word_1_341' title='bbox 2129 2715 2280 2752; x_wconf 71' lang='lat' dir='ltr'>ovano</span> <span class='ocrx_word' id='word_1_342' title='bbox 2310 2699 2470 2754; x_wconf 85' lang='lat' dir='ltr'>hodie</span> 
     </span>
     <span class='ocr_line' id='line_1_64' title="bbox 1443 2776 1834 2831; baseline 0.008 -3"><span class='ocrx_word' id='word_1_343' title='bbox 1443 2788 1683 2829; x_wconf 79' lang='lat' dir='ltr'>vocatur.</span> <span class='ocrx_word' id='word_1_344' title='bbox 1730 2776 1834 2831; x_wconf 85' lang='lat' dir='ltr'>En.</span> 
     </span>
    </p>

    <p class='ocr_par' dir='ltr' id='par_1_17' title="bbox 1443 2855 2476 3566">
     <span class='ocr_line' id='line_1_65' title="bbox 1521 2855 2473 2929; baseline 0.004 -20"><span class='ocrx_word' id='word_1_345' title='bbox 1521 2856 1677 2909; x_wconf 87' lang='lat' dir='ltr'>XIV.</span> <span class='ocrx_word' id='word_1_346' title='bbox 1691 2878 1709 2909; x_wconf 80' lang='grc' dir='ltr'><strong>ι</strong></span> <span class='ocrx_word' id='word_1_347' title='bbox 1721 2855 2337 2929; x_wconf 72' lang='lat' dir='ltr'>.Seqoeitur.Trauseripsit</span> <span class='ocrx_word' id='word_1_348' title='bbox 2360 2859 2473 2913; x_wconf 77' lang='lat' dir='ltr'>haec</span> 
     </span>
     <span class='ocr_line' id='line_1_66' title="bbox 1445 2933 2471 3007; baseline 0.006 -21"><span class='ocrx_word' id='word_1_349' title='bbox 1445 2933 1613 2987; x_wconf 86' lang='lat' dir='ltr'>Solin.</span> <span class='ocrx_word' id='word_1_350' title='bbox 1639 2954 1687 2989; x_wconf 85' lang='lat' dir='ltr'>e.</span> <span class='ocrx_word' id='word_1_351' title='bbox 1716 2953 1824 2988; x_wconf 73' lang='lat' dir='ltr'>viu</span> <span class='ocrx_word' id='word_1_352' title='bbox 1841 2976 1857 3000; x_wconf 90' lang='lat'>,</span> <span class='ocrx_word' id='word_1_353' title='bbox 1881 2956 1937 3007; x_wconf 89' lang='lat' dir='ltr'>p.</span> <span class='ocrx_word' id='word_1_354' title='bbox 1966 2943 2057 3000; x_wconf 63' lang='grc' dir='ltr'>πά,</span> <span class='ocrx_word' id='word_1_355' title='bbox 2078 2948 2129 2988; x_wconf 84' lang='lat' dir='ltr'>et</span> <span class='ocrx_word' id='word_1_356' title='bbox 2147 2938 2471 3002; x_wconf 74' lang='lat' dir='ltr'>Martianus,</span> 
     </span>
     <span class='ocr_line' id='line_1_67' title="bbox 1443 3013 2470 3088; baseline 0.006 -24"><span class='ocrx_word' id='word_1_357' title='bbox 1443 3013 1542 3067; x_wconf 80' lang='lat' dir='ltr'>lib.</span> <span class='ocrx_word' id='word_1_358' title='bbox 1563 3014 1673 3077; x_wconf 85' lang='lat' dir='ltr'>v1,</span> <span class='ocrx_word' id='word_1_359' title='bbox 1700 3033 1817 3085; x_wconf 85' lang='lat' dir='ltr'>cap.</span> <span class='ocrx_word' id='word_1_360' title='bbox 1850 3014 1917 3067; x_wconf 85' lang='lat' dir='ltr'>de</span> <span class='ocrx_word' id='word_1_361' title='bbox 1943 3015 2238 3079; x_wconf 74' lang='lat' dir='ltr'>Thessalia,</span> <span class='ocrx_word' id='word_1_362' title='bbox 2260 3037 2313 3088; x_wconf 88' lang='lat' dir='ltr'>p.</span> <span class='ocrx_word' id='word_1_363' title='bbox 2344 3037 2371 3069; x_wconf 74' lang='lat' dir='ltr'>a</span> <span class='ocrx_word' id='word_1_364' title='bbox 2388 3036 2470 3071; x_wconf 77' lang='lat' dir='ltr'>to.</span> 
     </span>
     <span class='ocr_line' id='line_1_68' title="bbox 1444 3093 2474 3165; baseline 0.003 -19"><span class='ocrx_word' id='word_1_365' title='bbox 1444 3093 1679 3163; x_wconf 76' lang='grc' dir='ltr'>Αἱμονίαν</span> <span class='ocrx_word' id='word_1_366' title='bbox 1696 3094 1763 3145; x_wconf 87' lang='lat' dir='ltr'>ab</span> <span class='ocrx_word' id='word_1_367' title='bbox 1778 3097 2001 3147; x_wconf 80' lang='lat' dir='ltr'>AEmone</span> <span class='ocrx_word' id='word_1_368' title='bbox 2014 3113 2137 3165; x_wconf 86' lang='lat' dir='ltr'>rege</span> <span class='ocrx_word' id='word_1_369' title='bbox 2152 3096 2474 3149; x_wconf 72' lang='lat' dir='ltr'>Thessaliam</span> 
     </span>
     <span class='ocr_line' id='line_1_69' title="bbox 1446 3172 2473 3243; baseline 0.005 -18"><span class='ocrx_word' id='word_1_370' title='bbox 1446 3172 1761 3243; x_wconf 79' lang='lat' dir='ltr'>appellatam</span> <span class='ocrx_word' id='word_1_371' title='bbox 1786 3190 1926 3238; x_wconf 87' lang='lat' dir='ltr'>esse,</span> <span class='ocrx_word' id='word_1_372' title='bbox 1955 3172 2145 3227; x_wconf 88' lang='lat' dir='ltr'>Strabo</span> <span class='ocrx_word' id='word_1_373' title='bbox 2171 3174 2353 3241; x_wconf 87' lang='lat' dir='ltr'>docet,</span> <span class='ocrx_word' id='word_1_374' title='bbox 2376 3177 2473 3231; x_wconf 89' lang='lat' dir='ltr'>lib.</span> 
     </span>
     <span class='ocr_line' id='line_1_70' title="bbox 1447 3253 2471 3324; baseline 0.005 -20"><span class='ocrx_word' id='word_1_375' title='bbox 1447 3254 1526 3305; x_wconf 85' lang='lat' dir='ltr'>IX</span> <span class='ocrx_word' id='word_1_376' title='bbox 1543 3291 1558 3315; x_wconf 86' lang='lat'>,</span> <span class='ocrx_word' id='word_1_377' title='bbox 1575 3270 1695 3323; x_wconf 80' lang='lat' dir='ltr'>pag.</span> <span class='ocrx_word' id='word_1_378' title='bbox 1718 3253 1830 3315; x_wconf 69' lang='grc'>443</span> <span class='ocrx_word' id='word_1_379' title='bbox 1846 3286 1863 3314; x_wconf 91' lang='grc'><strong>,</strong></span> <span class='ocrx_word' id='word_1_380' title='bbox 1884 3264 1937 3305; x_wconf 91' lang='lat' dir='ltr'>et</span> <span class='ocrx_word' id='word_1_381' title='bbox 1960 3253 2181 3324; x_wconf 81' lang='lat' dir='ltr'>Dionys.</span> <span class='ocrx_word' id='word_1_382' title='bbox 2203 3256 2471 3310; x_wconf 77' lang='lat' dir='ltr'>Halicarn.</span> 
     </span>
     <span class='ocr_line' id='line_1_71' title="bbox 1446 3332 2476 3405; baseline 0.007 -22"><span class='ocrx_word' id='word_1_383' title='bbox 1446 3332 1543 3385; x_wconf 81' lang='lat' dir='ltr'>lib.</span> <span class='ocrx_word' id='word_1_384' title='bbox 1588 3333 1650 3396; x_wconf 88' lang='lat'>1,</span> <span class='ocrx_word' id='word_1_385' title='bbox 1696 3351 1815 3404; x_wconf 70' lang='lat' dir='ltr'>pag.</span> <span class='ocrx_word' id='word_1_386' title='bbox 1869 3345 1969 3401; x_wconf 72' lang='lat'>49,</span> <span class='ocrx_word' id='word_1_387' title='bbox 1998 3345 2049 3385; x_wconf 90' lang='lat' dir='ltr'>et</span> <span class='ocrx_word' id='word_1_388' title='bbox 2073 3333 2396 3405; x_wconf 77' lang='lat' dir='ltr'>Hesychius,</span> <span class='ocrx_word' id='word_1_389' title='bbox 2422 3350 2476 3390; x_wconf 89' lang='lat' dir='ltr'>et</span> 
     </span>
     <span class='ocr_line' id='line_1_72' title="bbox 1451 3412 2474 3487; baseline 0.006 -24"><span class='ocrx_word' id='word_1_390' title='bbox 1451 3412 1781 3481; x_wconf 79' lang='lat' dir='ltr'>Stephanus:</span> <span class='ocrx_word' id='word_1_391' title='bbox 1805 3412 2088 3482; x_wconf 77' lang='grc' dir='ltr'><strong>Πιλασγίαν</strong></span> <span class='ocrx_word' id='word_1_392' title='bbox 2116 3412 2258 3467; x_wconf 84' lang='lat' dir='ltr'>idem</span> <span class='ocrx_word' id='word_1_393' title='bbox 2292 3414 2474 3487; x_wconf 83' lang='lat' dir='ltr'>steph.</span> 
     </span>
     <span class='ocr_line' id='line_1_73' title="bbox 1452 3491 2473 3566; baseline 0.005 -22"><span class='ocrx_word' id='word_1_394' title='bbox 1452 3503 1505 3544; x_wconf 89' lang='lat' dir='ltr'>et</span> <span class='ocrx_word' id='word_1_395' title='bbox 1531 3491 1775 3545; x_wconf 84' lang='lat' dir='ltr'>Eustath.</span> <span class='ocrx_word' id='word_1_396' title='bbox 1816 3492 1871 3545; x_wconf 87' lang='lat' dir='ltr'>in</span> <span class='ocrx_word' id='word_1_397' title='bbox 1908 3494 2127 3566; x_wconf 78' lang='lat' dir='ltr'>Dionys.</span> <span class='ocrx_word' id='word_1_398' title='bbox 2158 3514 2287 3549; x_wconf 81' lang='lat' dir='ltr'>vers.</span> <span class='ocrx_word' id='word_1_399' title='bbox 2326 3502 2437 3566; x_wconf 73' lang='lat'>427</span> <span class='ocrx_word' id='word_1_400' title='bbox 2455 3534 2473 3559; x_wconf 81' lang='lat'><strong>‚</strong></span> 
     </span>
    </p>
   </div>
   <div class='ocr_carea' id='block_1_9' title="bbox 1419 3572 2478 3643">
    <p class='ocr_par' dir='ltr' id='par_1_18' title="bbox 1419 3572 2478 3643">
     <span class='ocr_line' id='line_1_74' title="bbox 1419 3572 2478 3643; baseline 0.007 -20"><span class='ocrx_word' id='word_1_401' title='bbox 1419 3589 1570 3643; x_wconf 79' lang='lat' dir='ltr'>-pag.</span> <span class='ocrx_word' id='word_1_402' title='bbox 1619 3574 1712 3625; x_wconf 82' lang='lat'>61.</span> <span class='ocrx_word' id='word_1_403' title='bbox 1762 3572 1963 3641; x_wconf 80' lang='lat' dir='ltr'>Hellas,</span> <span class='ocrx_word' id='word_1_404' title='bbox 2008 3585 2139 3628; x_wconf 87' lang='lat' dir='ltr'>teste</span> <span class='ocrx_word' id='word_1_405' title='bbox 2184 3574 2440 3629; x_wconf 75' lang='lat' dir='ltr'>Pausania</span> <span class='ocrx_word' id='word_1_406' title='bbox 2461 3615 2478 3640; x_wconf 83' lang='lat'>‚</span> 
     </span>
    </p>
   </div>
   <div class='ocr_carea' id='block_1_10' title="bbox 1453 3652 2481 3875">
    <p class='ocr_par' dir='ltr' id='par_1_19' title="bbox 1453 3652 2481 3875">
     <span class='ocr_line' id='line_1_75' title="bbox 1453 3652 2478 3725; baseline 0.005 -21"><span class='ocrx_word' id='word_1_407' title='bbox 1453 3652 1650 3705; x_wconf 80' lang='lat' dir='ltr'>Lacon.</span> <span class='ocrx_word' id='word_1_408' title='bbox 1676 3652 1712 3703; x_wconf 94' lang='lat' dir='ltr'>l.</span> <span class='ocrx_word' id='word_1_409' title='bbox 1753 3653 1867 3715; x_wconf 93' lang='lat'>111,</span> <span class='ocrx_word' id='word_1_410' title='bbox 1896 3673 1955 3725; x_wconf 88' lang='lat' dir='ltr'>p.</span> <span class='ocrx_word' id='word_1_411' title='bbox 1997 3672 2135 3718; x_wconf 53' lang='grc' dir='ltr'>που,</span> <span class='ocrx_word' id='word_1_412' title='bbox 2160 3656 2229 3707; x_wconf 85' lang='lat' dir='ltr'>ab</span> <span class='ocrx_word' id='word_1_413' title='bbox 2256 3656 2478 3709; x_wconf 71' lang='lat' dir='ltr'>Bellene</span> 
     </span>
     <span class='ocr_line' id='line_1_76' title="bbox 1453 3730 2481 3802; baseline 0.005 -18"><span class='ocrx_word' id='word_1_414' title='bbox 1453 3750 1578 3802; x_wconf 79' lang='lat' dir='ltr'>rege</span> <span class='ocrx_word' id='word_1_415' title='bbox 1601 3730 1743 3787; x_wconf 87' lang='lat' dir='ltr'>dieta</span> <span class='ocrx_word' id='word_1_416' title='bbox 1764 3746 1874 3786; x_wconf 87' lang='lat' dir='ltr'>est:</span> <span class='ocrx_word' id='word_1_417' title='bbox 1894 3753 1925 3787; x_wconf 87' lang='lat' dir='ltr'>a</span> <span class='ocrx_word' id='word_1_418' title='bbox 1952 3734 2234 3799; x_wconf 83' lang='lat' dir='ltr'>Thessalo,</span> <span class='ocrx_word' id='word_1_419' title='bbox 2259 3735 2481 3789; x_wconf 81' lang='lat' dir='ltr'>Thessa·</span> 
     </span>
     <span class='ocr_line' id='line_1_77' title="bbox 1455 3811 2481 3875; baseline 0.004 -12"><span class='ocrx_word' id='word_1_420' title='bbox 1455 3812 1524 3863; x_wconf 79' lang='lat' dir='ltr'>lis</span> <span class='ocrx_word' id='word_1_421' title='bbox 1541 3848 1558 3875; x_wconf 88' lang='lat'><strong>‚</strong></span> <span class='ocrx_word' id='word_1_422' title='bbox 1591 3830 1654 3863; x_wconf 83' lang='lat' dir='ltr'>ex</span> <span class='ocrx_word' id='word_1_423' title='bbox 1680 3811 1865 3865; x_wconf 85' lang='lat' dir='ltr'>eodem</span> <span class='ocrx_word' id='word_1_424' title='bbox 1894 3814 2173 3875; x_wconf 75' lang='lat' dir='ltr'>Strabone,</span> <span class='ocrx_word' id='word_1_425' title='bbox 2188 3826 2241 3867; x_wconf 89' lang='lat' dir='ltr'>et</span> <span class='ocrx_word' id='word_1_426' title='bbox 2269 3832 2333 3867; x_wconf 79' lang='lat' dir='ltr'>ex</span> <span class='ocrx_word' id='word_1_427' title='bbox 2351 3816 2481 3867; x_wconf 86' lang='lat' dir='ltr'>Vel-</span> 
     </span>
    </p>
   </div>
   <div class='ocr_carea' id='block_1_11' title="bbox 1456 3890 2589 3962">
    <p class='ocr_par' dir='ltr' id='par_1_20' title="bbox 1456 3890 2589 3962">
     <span class='ocr_line' id='line_1_78' title="bbox 1456 3890 2589 3962; baseline -0.002 -19"><span class='ocrx_word' id='word_1_428' title='bbox 1456 3891 1588 3955; x_wconf 78' lang='lat' dir='ltr'>leio,</span> <span class='ocrx_word' id='word_1_429' title='bbox 1609 3890 1707 3943; x_wconf 85' lang='lat' dir='ltr'>lib.</span> <span class='ocrx_word' id='word_1_430' title='bbox 1726 3892 1783 3951; x_wconf 79' lang='lat' dir='ltr'>I,</span> <span class='ocrx_word' id='word_1_431' title='bbox 1810 3911 1867 3962; x_wconf 87' lang='lat' dir='ltr'>p.</span> <span class='ocrx_word' id='word_1_432' title='bbox 1901 3894 1953 3945; x_wconf 85' lang='grc'><strong>3.</strong></span> <span class='ocrx_word' id='word_1_433' title='bbox 1979 3894 2183 3961; x_wconf 74' lang='grc' dir='ltr'><strong>Δρυοπίς</strong></span> <span class='ocrx_word' id='word_1_434' title='bbox 2207 3892 2483 3947; x_wconf 78' lang='lat' dir='ltr'>Herodoto</span> <span class='ocrx_word' id='word_1_435' title='bbox 2572 3932 2589 3941; x_wconf 87' lang='lat'>-</span> 
     </span>
    </p>
   </div>
   <div class='ocr_carea' id='block_1_12' title="bbox 1458 3970 2484 4200">
    <p class='ocr_par' dir='ltr' id='par_1_21' title="bbox 1458 3970 2484 4200">
     <span class='ocr_line' id='line_1_79' title="bbox 1461 3970 2484 4042; baseline 0 -17"><span class='ocrx_word' id='word_1_436' title='bbox 1461 3970 1606 4034; x_wconf 84' lang='lat' dir='ltr'>ctio,</span> <span class='ocrx_word' id='word_1_437' title='bbox 1650 3970 1743 4023; x_wconf 81' lang='lat' dir='ltr'>tib.</span> <span class='ocrx_word' id='word_1_438' title='bbox 1781 3970 1835 4032; x_wconf 90' lang='lat'>1,</span> <span class='ocrx_word' id='word_1_439' title='bbox 1872 3991 1929 4024; x_wconf 86' lang='lat' dir='ltr'>n.</span> <span class='ocrx_word' id='word_1_440' title='bbox 1975 3970 2078 4036; x_wconf 81' lang='lat'>⁵6,</span> <span class='ocrx_word' id='word_1_441' title='bbox 2114 3989 2235 4042; x_wconf 81' lang='lat' dir='ltr'>pag.</span> <span class='ocrx_word' id='word_1_442' title='bbox 2280 3990 2365 4027; x_wconf 75' lang='lat' dir='ltr'>at.</span> <span class='ocrx_word' id='word_1_443' title='bbox 2402 3976 2484 4025; x_wconf 90' lang='lat' dir='ltr'>De</span> 
     </span>
     <span class='ocr_line' id='line_1_80' title="bbox 1459 4035 2484 4121; baseline 0 -18"><span class='ocrx_word' id='word_1_444' title='bbox 1459 4052 1710 4121; x_wconf 78' lang='lat' dir='ltr'>Dryope,</span> <span class='ocrx_word' id='word_1_445' title='bbox 1737 4048 1861 4103; x_wconf 75' lang='lat' dir='ltr'>vide</span> <span class='ocrx_word' id='word_1_446' title='bbox 1881 4035 2227 4109; x_wconf 62' lang='lat' dir='ltr'>Strabonem,</span> <span class='ocrx_word' id='word_1_447' title='bbox 2260 4052 2294 4105; x_wconf 90' lang='lat' dir='ltr'>l.</span> <span class='ocrx_word' id='word_1_448' title='bbox 2320 4054 2484 4118; x_wconf 80' lang='lat' dir='ltr'>vm,</span> 
     </span>
     <span class='ocr_line' id='line_1_81' title="bbox 1458 4126 1965 4200; baseline 0.004 -19"><span class='ocrx_word' id='word_1_449' title='bbox 1458 4148 1578 4200; x_wconf 83' lang='lat' dir='ltr'>pag.</span> <span class='ocrx_word' id='word_1_450' title='bbox 1617 4129 1751 4199; x_wconf 82' lang='lat'>373.</span> <span class='ocrx_word' id='word_1_451' title='bbox 1784 4126 1965 4183; x_wconf 73' lang='lat' dir='ltr'>Halm.</span> 
     </span>
    </p>
   </div>
   <div class='ocr_carea' id='block_1_13' title="bbox 2076 4260 2159 4330">
    <p class='ocr_par' dir='ltr' id='par_1_22' title="bbox 2076 4260 2159 4330">
     <span class='ocr_line' id='line_1_82' title="bbox 2076 4260 2159 4330; baseline 0 0"><span class='ocrx_word' id='word_1_452' title='bbox 2076 4260 2159 4330; x_wconf 86' lang='lat'>¹7</span> 
     </span>
    </p>
   </div>
   <div class='ocr_carea' id='block_1_14' title="bbox 3240 487 3252 1510">
    <p class='ocr_par' dir='ltr' id='par_1_23' title="bbox 3240 487 3252 1510">
     <span class='ocr_line' id='line_1_83' title="bbox 3240 487 3252 1510; baseline 0 0"><span class='ocrx_word' id='word_1_453' title='bbox 3240 487 3252 1510; x_wconf 95' lang='lat' dir='ltr'> </span> 
     </span>
    </p>
   </div>
  </div>
 </body>
</html>
