3300 5175
790 529 933 610 140

1314 523 1393 592 C.
1448 521 1790 590 PLINII
1842 519 2064 590 NAT.
2121 520 2380 588 HIST.

778 657 1028 725 torium
1056 652 1257 750 aliqui
1281 653 1674 723 existimant.
1707 648 1946 722 Dein¹⁰
1977 651 2158 726 sinus
2197 649 2569 744 Scyllaceus
2609 674 2624 717 ε
2657 665 2726 720 et
2755 653 2922 746 Scy·

778 759 1081 833 lacium¹¹
1098 758 1531 856 ,Scylletium
1560 755 2102 844 Atheniensibus,
2133 781 2342 851 quum
2382 757 2774 844 conderent,
2809 758 2911 826 di-

776 883 1000 940 ctum·
985 891 1215 962 ·quem
1249 865 1471 936 locum
1497 861 1878 936 occurrens¹
1883 863 2261 933 'Terinaeus
2287 863 2466 932 sinus
2492 862 2910 958 peninsulam

777 973 1032 1045 efficit:
1063 989 1131 1044 et
1152 974 1221 1042 in
1250 972 1367 1042 ea'
1373 957 1708 1067 ³portu3‚
1749 970 1964 1143 qui¹1
1897 983 2176 1038 vocatur
2211 972 2446 1039 Castra
2485 968 2910 1054 Hannibalis,

777 1104 1106 1175 nusquam
1164 1080 1542 1174 angustiore
1604 1075 1856 1146 ltalia.

1965 1062 2072 1144 x¹⁴
2129 1100 2568 1146 11.ssuum
2627 1074 2908 1146 latitudo

779 1201 901 1258 est.
940 1188 1172 1282 Itaque
1202 1185 1559 1280 Dionysius
1593 1182 1807 1276 major
1845 1181 2250 1252 intercisam¹
2325 1207 2407 1252 eo
2435 1181 2585 1252 loco
2577 1182 2909 1312 sadjicere

780 1291 1018 1364 Siciliae
1054 1291 1286 1362 voluit.
1314 1293 1564 1360 Amnes
1599 1290 1697 1358 ibi
1737 1287 2193 1382 navigabiles:
2230 1273 2604 1360 Carcines¹⁶
2615 1341 2636 1377 ,
2667 1291 2906 1358 Crota-

775 1491 933 1546 Nunc
948 1491 1087 1554 Scito,
1109 1487 1255 1542 uude
1270 1487 1534 1542 Cocintho
1552 1503 1800 1559 promon-

778 1569 917 1624 torio
939 1587 1157 1634 nomen,
1182 1571 1315 1636 Cape
1336 1569 1392 1618 di
1411 1569 1548 1618 Stilo.
1566 1567 1749 1619 Hunn-

853 1668 934 1703 ιο.
959 1651 1084 1700 Dein
1108 1651 1243 1700 sinus
1262 1651 1544 1712 Scyllaceus
1572 1666 1591 1696 .·
1621 1659 1671 1698 eae
1679 1649 1801 1709 Scr-

772 1731 974 1782 lucium.
988 1727 1107 1780 Dal.
1127 1729 1253 1778 Dein
1270 1729 1429 1788 sinus,
1446 1739 1499 1778 ee
1508 1727 1800 1790 Scylaeium.

775 1807 957 1862 Elzev.
973 1809 1101 1858 Dein
1124 1809 1255 1858 sinus
1272 1807 1545 1870 SaJIacius,
1567 1813 1669 1856 etc.
1696 1803 1797 1857 En.

850 1905 933 1940 ιι.
957 1889 1250 1950 Scylaeium.
1290 1884 1663 1956 subintellige,
1703 1901 1798 1955 op·

776 1965 984 2038 pidum.
1018 1963 1188 2018 Iidem
1228 1965 1404 2020 verbis
1441 1964 1670 2026 strabo,
1699 1963 1790 2016 lib.

774 2045 891 2111 vl,
921 2062 1041 2117 pag.
1086 2047 1231 2098 261.
1276 2044 1549 2100 Σιιυλλιὶτιον
1598 2045 1794 2104 ἄποικος

774 2113 1011 2180 Aona-aim
1060 2131 1137 2178 νῦν
1174 2119 1231 2176 δὲ
1274 2125 1525 2176 Σκυλάκιον
1560 2127 1792 2178 καλεῖται.

774 2201 931 2256 Nunc
957 2205 1221 2271 Squillae,
1246 2203 1302 2256 in
1323 2203 1501 2258 medio
1522 2201 1631 2256 fere
1656 2203 1792 2266 sinu,

772 2279 863 2334 cui
888 2300 1046 2336 suum
1062 2300 1257 2335 nomeu
1276 2282 1537 2354 impertit,
1574 2285 1722 2349 Golfo
1740 2285 1796 2336 da·

769 2363 1034 2428 Squillae&
1074 2361 1215 2416 Cave
1251 2379 1416 2434 porro
1440 2380 1561 2416 cum
1588 2361 1792 2436 Scylla-

771 2457 867 2492 ceo
896 2438 1193 2495 confundas
1213 2441 1525 2514 Scyllaeum,
1554 2442 1609 2498 in
1626 2443 1791 2496 Vibo-

770 2518 923 2572 nensi
946 2520 1065 2573 sinu
1090 2519 1262 2583 situm,
1280 2535 1333 2576 et
1351 2520 1418 2576 de
1435 2540 1543 2596 quo
1560 2521 1790 2577 diximus

770 2616 889 2670 cap.
920 2616 999 2652 10.
1024 2598 1204 2654 Ηιιιι.
1232 2613 1285 2654 et
1308 2602 1412 2655 En.

845 2695 929 2730 n.
970 2683 1257 2733 Occumns.
1296 2680 1381 2734 Ex
1398 2680 1625 2736 adverso
1658 2682 1791 2735 mari

769 2754 1056 2828 Tyrrheno
1101 2756 1375 2813 Terinaeus
1424 2759 1569 2813 sinus
1622 2772 1790 2816 terras

770 2852 895 2889 cum
910 2834 1182 2908 Scyllaceo
1207 2849 1484 2894 coarctans
1516 2840 1572 2891 in
1599 2841 1790 2895 breves

768 2914 1059 2987 angustias,
1112 2916 1449 2989 peninsulam
1504 2918 1748 2973 efficiunt
1771 2962 1788 2986 ,

767 2994 1073 3051 Brutiorum
1097 2994 1227 3049 olim
1254 2997 1598 3069 appellatam,
1618 3011 1678 3051 ut
1704 2999 1785 3053 di-

766 3072 942 3127 ximus
972 3092 1089 3145 cap.
1112 3092 1191 3128 ιο.
1216 3074 1397 3130 llum.

843 3152 925 3205 13.
946 3157 1012 3204 Ee
1027 3156 1079 3204 in
1108 3172 1171 3206 ea
1192 3169 1397 3222 porcus,
1442 3167 1544 3210 etc.
1576 3157 1790 3211 Martia·

765 3248 906 3297 uus,
932 3230 1028 3283 lih.
1048 3230 1157 3299 VI,
1190 3249 1315 3304 pag.
1350 3232 1468 3286 208.
1504 3234 1688 3289 Ηιιιιι.
1717 3268 1787 3279 -

766 3308 877 3365 Situ
910 3309 1127 3367 fumat
1183 3322 1399 3363 auctore
1450 3310 1784 3380 ιιἈιινιιιιι,

763 3388 885 3441 1000
902 3386 1068 3453 dicto,
1087 3388 1249 3443 hodie
1266 3394 1545 3445 Boc-cellam
1559 3430 1575 3452 ‚
1596 3392 1670 3447 ud
1689 3394 1785 3449 flu·

766 3483 891 3519 men
946 3466 1263 3523 Carcinitem
1278 3507 1298 3535 ,
1355 3468 1517 3523 hodie
1579 3474 1782 3539 Corace,

762 3542 912 3599 haud
954 3546 1116 3617 louge
1157 3546 1226 3599 ub
1276 3548 1430 3601 ostio.
1474 3548 1784 3607 Munnertus

764 3636 940 3678 autem
977 3623 1117 3676 illius
1164 3626 1351 3699 oppidi
1394 3626 1589 3682 rudera
1636 3648 1782 3701 mon-

763 3702 920 3757 strari
947 3702 1021 3755 uit
1040 3704 1191 3775 juxta
1212 3704 1391 3759 vicum
1414 3712 1642 3761 Soror-ato
1657 3748 1676 3777 ,
1713 3708 1782 3763 ad

762 3780 983 3836 fluvium
1014 3788 1250 3849 Veemno,
1269 3783 1421 3840 haud
1446 3786 1602 3858 longe
1624 3806 1656 3840 a
1677 3788 1784 3843 rui·

760 3859 845 3915 nia
870 3858 1058 3933 oppidi
1098 3865 1295 3917 fortino
1333 3868 1389 3916 di
1420 3869 1671 3935 Paliporco
1707 3867 1776 3922 ad

758 3958 983 4011 pervum
1018 3940 1225 4006 sinum,
1270 3944 1367 4015 qui
1402 3963 1583 4001 revera
1611 3964 1777 4019 angu-

759 4017 989 4074 stissimo
1048 4021 1341 4095 peninsula
1396 4023 1516 4078 loco
1578 4029 1777 4099 reperi-

758 4099 989 4161 tun-..En

1963 1491 2047 1550 ιζ.
2072 1490 2176 1539 XX
2193 1491 2264 1538 Μ.
2283 1505 2422 1554 pass.
2457 1484 2544 1539 Sic
2563 1485 2902 1538 Martianus·
2885 1525 2900 1538 .

1883 1563 1962 1617 sic
1989 1565 2208 1629 Strabo,
2241 1565 2334 1619 lib.
2360 1565 2468 1627 V1,
2491 1584 2549 1636 p.
2579 1565 2713 1630 255,
2733 1583 2905 1636 quum

1885 1642 2052 1697 studia
2085 1644 2284 1698 habere
2331 1644 2406 1698 ait
2437 1663 2551 1696 cmc.
2591 1646 2660 1696 At
2685 1663 2798 1696 non
2823 1644 2904 1698 sic

1883 1721 2116 1790 Solinus,
2134 1725 2224 1796 qui
2251 1743 2321 1777 ιιι.
2335 1741 2395 1778 ιι.
2423 1742 2560 1794 pass.
2581 1742 2705 1776 cum
2719 1722 2901 1776 chiffl.

1883 1801 2004 1856 cod.
2031 1804 2094 1856 In
2125 1803 2256 1874 neg.
2294 1815 2350 1857 et.
2370 1803 2522 1856 colb.
2555 1821 2578 1855 1
2599 1839 2616 1868 ‚
2659 1822 2708 1864 s,
2745 1803 2796 1868 3,
2813 1809 2903 1856 XL

1882 1886 1958 1933 M.
1993 1902 2130 1950 pass.
2173 1882 2355 1936 Ηιιιιι.
2383 1912 2456 1922 —-
2479 1881 2633 1935 Certe
2667 1901 2776 1936 non
2806 1900 2902 1944 xz,

1879 1959 1974 2014 sed
2019 1980 2086 2016 xx
2135 1960 2414 2033 legendum
2459 1974 2540 2014 est
2560 1998 2577 2024 ,
2623 1980 2792 2034 quum
2839 1981 2901 2014 re

1878 2058 2003 2094 vera
2023 2059 2115 2094 xxx
2131 2040 2342 2094 circiter
2356 2058 2416 2094 ιι.
2435 2059 2571 2112 pass.
2587 2040 2659 2094 sit
2683 2039 2900 2096 minima

1877 2119 2116 2174 latitudo.
2141 2120 2248 2172 En.

1951 2218 1977 2253 1
1987 2201 2035 2256 5.
2054 2203 2359 2256 lutei-cisum·
2376 2204 2498 2257 Non
2517 2204 2652 2256 fossa
2669 2213 2898 2274 peracta,

1877 2279 1922 2332 si
1941 2279 2190 2336 Straboni
2213 2281 2368 2347 fides,
2385 2283 2478 2336 lib.
2507 2284 2609 2347 vl,
2627 2301 2751 2354 pag.
2777 2285 2897 2344 261,

1875 2357 1970 2414 sed
1997 2379 2152 2414 muro
2187 2361 2370 2428 ducto,
2391 2362 2484 2434 qui
2506 2362 2837 2436 peninsulam
2863 2381 2896 2414 a

1873 2439 2076 2512 reliqua
2119 2443 2272 2497 Italia
2313 2443 2603 2507 dirimeret,
2637 2441 2893 2496 defende-

1875 2535 2079 2594 retque.
2115 2521 2297 2575 Ηιιιιι.

1953 2604 2032 2653 ιδ.
2059 2605 2310 2667 Carcinos,
2333 2614 2434 2656 etc.
2455 2601 2720 2663 Curcines,
2735 2600 2894 2655 hodie

1877 2684 2090 2745 corace,
2122 2680 2440 2753 scyllacium
2477 2680 2666 2733 alluit:
2714 2680 2895 2733 Crotu-

1873 2758 1989 2824 lus,
2026 2778 2172 2813 nunc
2206 2763 2346 2811 Alli.-
2387 2759 2654 2822 Semirus,
2679 2763 2892 2812 Siman‘:

1873 2839 2086 2893 Arocha
2103 2878 2118 2904 ,
2149 2842 2377 2893 Cracchio
2403 2859 2417 2893 ε
2445 2840 2702 2912 Targines
2716 2877 2732 2902 ,
2762 2842 2894 2891 Taci-

1875 2940 1944 2971 na
1975 2941 1995 2971 .·
2041 2938 2106 2973 eo
2141 2920 2302 2991 plane
2335 2917 2522 2973 ordine
2563 2938 2594 2971 a
2633 2919 2892 2991 scyllacio

1873 3017 2056 3053 versus
2115 2999 2392 3053 Lacinium
2462 3000 2890 3070 promontorium

1873 3078 1929 3131 in
1955 3097 2078 3131 eum
2123 3077 2300 3131 sinum
2335 3077 2583 3131 influunt.
2621 3078 2802 3131 Ηιιιι).
2823 3110 2891 3119 -

1873 3158 2078 3211 Verum
2089 3156 2250 3230 hujus
2271 3157 2442 3211 amnis
2461 3176 2682 3221 nomen,
2703 3178 2770 3213 cx
2785 3158 2890 3212 fide

1871 3235 2116 3289 codicum
2141 3238 2272 3310 Reg.
2306 3255 2329 3289 1
2345 3274 2362 3300 ,
2407 3256 2434 3287 2
2455 3274 2472 3299 ,
2496 3236 2647 3290 colb.
2672 3256 2721 3301 1,
2753 3257 2810 3303 s,
2835 3240 2889 3301 3,

1872 3316 2035 3368 Paris.
2067 3327 2122 3368 et
2143 3315 2323 3369 Chim.
2361 3316 2686 3370 restituimus
2720 3336 2734 3370 :
2771 3318 2892 3370 sub-

1872 3393 2210 3467 dititiumque
2249 3399 2466 3448 Coecae‘nos
2501 3397 2850 3467 expunximus
2871 3436 2889 3461 ‚

1871 3473 2018 3547 quod
2039 3474 2352 3527 Hermolaus
2371 3474 2696 3539 inculcant,
2715 3478 2889 3547 negle-

1869 3565 1952 3607 cta
1969 3564 2146 3608 vetere
2167 3552 2398 3607 editione
2416 3554 2716 3609 Parmensis
2725 3558 2886 3609 etiam

1869 3630 2154 3685 editionis:
2193 3632 2447 3703 quoniam
2485 3633 2694 3687 Caecina
2733 3652 2888 3689 amne

1867 3710 2012 3783 apud
2027 3710 2300 3765 AElianum
2318 3724 2370 3765 et
2387 3712 2696 3767 Pausaniam
2702 3713 2887 3778 UELiac

1866 3790 1961 3843 lib.
1990 3790 2097 3853 vl,
2127 3801 2262 3861 post.
2287 3808 2407 3863 pag.
2435 3790 2558 3855 354,
2575 3790 2755 3845 dirimi
2777 3794 2887 3845 Lo-

1865 3888 1982 3923 cros
2016 3888 2048 3922 ιι
2073 3870 2313 3943 Rhegino
2341 3870 2574 3942 legerat:
2618 3883 2674 3925 at
2699 3872 2886 3943 procul

1863 3950 1932 4003 ab
1955 3949 2062 4003 hoc
2088 3948 2238 4013 sinu,
2277 3968 2438 4022 quem
2483 3944 2686 4003 Plinius
2725 3949 2887 4003 modo

1863 4030 2146 4100 percurrit,
2155 4028 2310 4082 Locri
2316 4027 2756 4101 ,Rheginique,1n
2771 4031 2888 4102 ipso

1866 4106 2030 4163 fenne
2055 4108 2232 4164 Siculo
2258 4109 2391 4163 freto
2419 4108 2677 4163 collocati.
2699 4115 2796 4163 En.
