<?xml version="1.0" encoding="UTF-8"?>
<!DOCTYPE html PUBLIC "-//W3C//DTD XHTML 1.0 Transitional//EN"
    "http://www.w3.org/TR/xhtml1/DTD/xhtml1-transitional.dtd">
<html xmlns="http://www.w3.org/1999/xhtml" xml:lang="en" lang="en">
 <head>
  <title>
</title>
<meta http-equiv="Content-Type" content="text/html;charset=utf-8" />
  <meta name='ocr-system' content='tesseract 3.04.00' />
  <meta name='ocr-capabilities' content='ocr_page ocr_carea ocr_par ocr_line ocrx_word'/>
</head>
<body>
  <div class='ocr_page' id='page_1' title='image "./caiipliniisecun02hardgoog_0108.png"; bbox 0 0 3300 5175; ppageno 0'>
   <div class='ocr_carea' id='block_1_1' title="bbox 760 465 2348 562">
    <p class='ocr_par' dir='ltr' id='par_1_1' title="bbox 760 465 2348 562">
     <span class='ocr_line' id='line_1_1' title="bbox 760 465 2348 562; baseline -0.004 -24"><span class='ocrx_word' id='word_1_1' title='bbox 760 465 861 562; x_wconf 87' lang='lat'><strong>96</strong></span> <span class='ocrx_word' id='word_1_2' title='bbox 1302 468 1381 536; x_wconf 86' lang='lat' dir='ltr'><strong>c.</strong></span> <span class='ocrx_word' id='word_1_3' title='bbox 1438 467 1756 554; x_wconf 75' lang='lat' dir='ltr'><strong>Pmml</strong></span> <span class='ocrx_word' id='word_1_4' title='bbox 1811 467 2033 536; x_wconf 82' lang='lat' dir='ltr'><strong>NAT.</strong></span> <span class='ocrx_word' id='word_1_5' title='bbox 2091 467 2348 536; x_wconf 75' lang='lat' dir='ltr'><strong>msr.</strong></span> 
     </span>
    </p>
   </div>
   <div class='ocr_carea' id='block_1_2' title="bbox 759 582 2906 905">
    <p class='ocr_par' dir='ltr' id='par_1_2' title="bbox 759 582 2906 905">
     <span class='ocr_line' id='line_1_2' title="bbox 761 582 2906 691; baseline -0.001 -23"><span class='ocrx_word' id='word_1_6' title='bbox 761 611 1157 668; x_wconf 85' lang='lat' dir='ltr'><strong>teramnates</strong></span> <span class='ocrx_word' id='word_1_7' title='bbox 1195 582 1247 635; x_wconf 83' lang='lat'><strong>³⁹</strong></span> <span class='ocrx_word' id='word_1_8' title='bbox 1336 599 1676 668; x_wconf 85' lang='lat' dir='ltr'><strong>Succasini</strong></span> <span class='ocrx_word' id='word_1_9' title='bbox 1709 652 1730 685; x_wconf 88' lang='lat'><strong>,</strong></span> <span class='ocrx_word' id='word_1_10' title='bbox 1804 599 1920 691; x_wconf 89' lang='lat' dir='ltr'><strong>qui</strong></span> <span class='ocrx_word' id='word_1_11' title='bbox 1982 612 2049 666; x_wconf 88' lang='lat' dir='ltr'><strong>et</strong></span> <span class='ocrx_word' id='word_1_12' title='bbox 2119 599 2444 668; x_wconf 82' lang='lat' dir='ltr'><strong>Lirinates</strong></span> <span class='ocrx_word' id='word_1_13' title='bbox 2477 655 2484 662; x_wconf 84' lang='lat'>.</span> <span class='ocrx_word' id='word_1_14' title='bbox 2519 614 2846 668; x_wconf 86' lang='lat' dir='ltr'><strong>vocantur</strong></span> <span class='ocrx_word' id='word_1_15' title='bbox 2883 625 2906 666; x_wconf 75' lang='grc' dir='ltr'><em>τ</em></span> 
     </span>
     <span class='ocr_line' id='line_1_3' title="bbox 759 690 2906 790; baseline 0 -16"><span class='ocrx_word' id='word_1_16' title='bbox 759 690 1225 788; x_wconf 77' lang='lat' dir='ltr'><strong>Ilionenses⁴⁰‚</strong></span> <span class='ocrx_word' id='word_1_17' title='bbox 1286 705 1580 790; x_wconf 82' lang='lat' dir='ltr'><strong>Lavinii‚</strong></span> <span class='ocrx_word' id='word_1_18' title='bbox 1634 691 2036 784; x_wconf 75' lang='lat' dir='ltr'><strong>Norbani⁴¹,</strong></span> <span class='ocrx_word' id='word_1_19' title='bbox 2070 690 2576 788; x_wconf 78' lang='lat' dir='ltr'><strong>Nomentani⁴²,</strong></span> <span class='ocrx_word' id='word_1_20' title='bbox 2635 707 2906 776; x_wconf 85' lang='lat' dir='ltr'><strong>Praene-</strong></span> 
     </span>
     <span class='ocr_line' id='line_1_4' title="bbox 759 797 2904 905; baseline 0.001 -26"><span class='ocrx_word' id='word_1_21' title='bbox 759 797 1009 894; x_wconf 76' lang='lat' dir='ltr'><strong>stini⁴³‚</strong></span> <span class='ocrx_word' id='word_1_22' title='bbox 1065 810 1231 879; x_wconf 90' lang='lat' dir='ltr'><strong>urbe</strong></span> <span class='ocrx_word' id='word_1_23' title='bbox 1295 810 1631 904; x_wconf 87' lang='lat' dir='ltr'><strong>quondam</strong></span> <span class='ocrx_word' id='word_1_24' title='bbox 1689 810 2024 905; x_wconf 82' lang='lat' dir='ltr'><strong>Stephane</strong></span> <span class='ocrx_word' id='word_1_25' title='bbox 2085 810 2264 880; x_wconf 85' lang='lat' dir='ltr'><strong>dicta</strong></span> <span class='ocrx_word' id='word_1_26' title='bbox 2287 860 2307 894; x_wconf 91' lang='lat'><strong>,</strong></span> <span class='ocrx_word' id='word_1_27' title='bbox 2372 799 2904 892; x_wconf 67' lang='lat' dir='ltr'><strong>Privernates⁴⁸⁴‚</strong></span> 
     </span>
    </p>
   </div>
   <div class='ocr_carea' id='block_1_3' title="bbox 756 975 2906 1253">
    <p class='ocr_par' dir='ltr' id='par_1_3' title="bbox 756 975 2906 1253">
     <span class='ocr_line' id='line_1_5' title="bbox 756 975 2904 1092; baseline 0 -20"><span class='ocrx_word' id='word_1_28' title='bbox 756 1022 833 1083; x_wconf 82' lang='lat' dir='ltr'><strong>V,</strong></span> <span class='ocrx_word' id='word_1_29' title='bbox 855 1039 913 1092; x_wconf 86' lang='lat' dir='ltr'><strong>p.</strong></span> <span class='ocrx_word' id='word_1_30' title='bbox 950 975 1079 1085; x_wconf 55' lang='lat'><strong>238,</strong></span> <span class='ocrx_word' id='word_1_31' title='bbox 1096 1020 1401 1074; x_wconf 73' lang='lat' dir='ltr'><strong>aPrnueste</strong></span> <span class='ocrx_word' id='word_1_32' title='bbox 1423 1023 1648 1074; x_wconf 84' lang='lat' dir='ltr'><strong>Romam</strong></span> <span class='ocrx_word' id='word_1_33' title='bbox 1663 1040 1793 1074; x_wconf 89' lang='lat' dir='ltr'><strong>eun·</strong></span> <span class='ocrx_word' id='word_1_34' title='bbox 1875 1020 1991 1073; x_wconf 81' lang='lat' dir='ltr'><strong>laus</strong></span> <span class='ocrx_word' id='word_1_35' title='bbox 2016 1039 2080 1072; x_wconf 88' lang='lat' dir='ltr'><strong>ex</strong></span> <span class='ocrx_word' id='word_1_36' title='bbox 2100 1020 2418 1086; x_wconf 65' lang='lat' dir='ltr'><strong>Ptolemno,</strong></span> <span class='ocrx_word' id='word_1_37' title='bbox 2448 1021 2520 1074; x_wconf 84' lang='lat' dir='ltr'><strong>ob</strong></span> <span class='ocrx_word' id='word_1_38' title='bbox 2544 1032 2693 1074; x_wconf 77' lang='lat' dir='ltr'><strong>vetus</strong></span> <span class='ocrx_word' id='word_1_39' title='bbox 2719 1020 2904 1074; x_wconf 83' lang='lat' dir='ltr'><strong>muni·</strong></span> 
     </span>
     <span class='ocr_line' id='line_1_6' title="bbox 762 1097 2906 1173; baseline -0 -20"><span class='ocrx_word' id='word_1_40' title='bbox 762 1101 922 1154; x_wconf 83' lang='lat' dir='ltr'><strong>tibus.</strong></span> <span class='ocrx_word' id='word_1_41' title='bbox 944 1099 1121 1152; x_wconf 83' lang='lat' dir='ltr'>Hodie</span> <span class='ocrx_word' id='word_1_42' title='bbox 1148 1097 1395 1152; x_wconf 87' lang='lat' dir='ltr'><strong>dirutum</strong></span> <span class='ocrx_word' id='word_1_43' title='bbox 1428 1101 1665 1153; x_wconf 87' lang='lat' dir='ltr'><strong>omnino.</strong></span> <span class='ocrx_word' id='word_1_44' title='bbox 1681 1101 1787 1154; x_wconf 84' lang='lat' dir='ltr'><strong>En.</strong></span> <span class='ocrx_word' id='word_1_45' title='bbox 1877 1098 2079 1171; x_wconf 86' lang='lat' dir='ltr'><strong>cipium</strong></span> <span class='ocrx_word' id='word_1_46' title='bbox 2120 1101 2446 1168; x_wconf 76' lang='lat' dir='ltr'><strong>Lanuvium,</strong></span> <span class='ocrx_word' id='word_1_47' title='bbox 2469 1101 2563 1173; x_wconf 86' lang='lat' dir='ltr'><strong>qui</strong></span> <span class='ocrx_word' id='word_1_48' title='bbox 2611 1119 2775 1172; x_wconf 78' lang='lat' dir='ltr'><strong>pagus</strong></span> <span class='ocrx_word' id='word_1_49' title='bbox 2821 1111 2906 1152; x_wconf 65' lang='lat' dir='ltr'><strong>est</strong></span> 
     </span>
     <span class='ocr_line' id='line_1_7' title="bbox 847 1178 2906 1253; baseline -0.001 -19"><span class='ocrx_word' id='word_1_50' title='bbox 847 1181 941 1249; x_wconf 85' lang='lat'><strong>39.</strong></span> <span class='ocrx_word' id='word_1_51' title='bbox 967 1182 1331 1232; x_wconf 76' lang='lat' dir='ltr'><strong>Interamnates·</strong></span> <span class='ocrx_word' id='word_1_52' title='bbox 1348 1179 1615 1232; x_wconf 65' lang='lat' dir='ltr'><strong>Suco-asini.</strong></span> <span class='ocrx_word' id='word_1_53' title='bbox 1656 1181 1788 1233; x_wconf 85' lang='lat' dir='ltr'><strong>Suc·</strong></span> <span class='ocrx_word' id='word_1_54' title='bbox 1877 1178 2040 1234; x_wconf 82' lang='lat' dir='ltr'><strong>hodie</strong></span> <span class='ocrx_word' id='word_1_55' title='bbox 2067 1181 2299 1232; x_wconf 69' lang='lat' dir='ltr'><strong>ludovino</strong></span> <span class='ocrx_word' id='word_1_56' title='bbox 2316 1219 2332 1246; x_wconf 90' lang='lat'><strong>,</strong></span> <span class='ocrx_word' id='word_1_57' title='bbox 2358 1179 2503 1234; x_wconf 83' lang='lat' dir='ltr'><strong>haud</strong></span> <span class='ocrx_word' id='word_1_58' title='bbox 2533 1181 2728 1253; x_wconf 84' lang='lat' dir='ltr'><strong>procul</strong></span> <span class='ocrx_word' id='word_1_59' title='bbox 2755 1179 2906 1232; x_wconf 82' lang='lat' dir='ltr'><strong>Veli·-</strong></span> 
     </span>
    </p>
   </div>
   <div class='ocr_carea' id='block_1_4' title="bbox 756 1260 1798 4186">
    <p class='ocr_par' dir='ltr' id='par_1_4' title="bbox 756 1260 1791 3459">
     <span class='ocr_line' id='line_1_8' title="bbox 756 1260 1788 1324; baseline -0.002 -10"><span class='ocrx_word' id='word_1_60' title='bbox 756 1260 955 1324; x_wconf 78' lang='lat' dir='ltr'><strong>casini,</strong></span> <span class='ocrx_word' id='word_1_61' title='bbox 998 1273 1051 1312; x_wconf 87' lang='lat' dir='ltr'><strong>et</strong></span> <span class='ocrx_word' id='word_1_62' title='bbox 1088 1260 1373 1323; x_wconf 74' lang='lat' dir='ltr'><strong>LirinateS,</strong></span> <span class='ocrx_word' id='word_1_63' title='bbox 1416 1280 1527 1314; x_wconf 89' lang='lat' dir='ltr'><strong>non</strong></span> <span class='ocrx_word' id='word_1_64' title='bbox 1568 1260 1788 1313; x_wconf 87' lang='lat' dir='ltr'><strong>nomina</strong></span> 
     </span>
     <span class='ocr_line' id='line_1_9' title="bbox 758 1338 1786 1406; baseline -0.002 -12"><span class='ocrx_word' id='word_1_65' title='bbox 758 1351 915 1406; x_wconf 77' lang='lat' dir='ltr'><strong>sunt,</strong></span> <span class='ocrx_word' id='word_1_66' title='bbox 965 1338 1056 1391; x_wconf 84' lang='lat' dir='ltr'><strong>sed</strong></span> <span class='ocrx_word' id='word_1_67' title='bbox 1100 1339 1297 1392; x_wconf 88' lang='lat' dir='ltr'><strong>horum</strong></span> <span class='ocrx_word' id='word_1_68' title='bbox 1345 1339 1786 1393; x_wconf 84' lang='lat' dir='ltr'><strong>Interamnatium</strong></span> 
     </span>
     <span class='ocr_line' id='line_1_10' title="bbox 758 1418 1788 1490; baseline -0.002 -16"><span class='ocrx_word' id='word_1_69' title='bbox 758 1418 1100 1490; x_wconf 82' lang='lat' dir='ltr'><strong>cognomina.</strong></span> <span class='ocrx_word' id='word_1_70' title='bbox 1132 1419 1266 1471; x_wconf 83' lang='lat' dir='ltr'>Sunt</span> <span class='ocrx_word' id='word_1_71' title='bbox 1298 1419 1453 1472; x_wconf 87' lang='lat' dir='ltr'><strong>enim·</strong></span> <span class='ocrx_word' id='word_1_72' title='bbox 1473 1419 1563 1472; x_wconf 85' lang='lat' dir='ltr'><strong>alii</strong></span> <span class='ocrx_word' id='word_1_73' title='bbox 1604 1438 1788 1472; x_wconf 78' lang='lat' dir='ltr'><strong>rursus</strong></span> 
     </span>
     <span class='ocr_line' id='line_1_11' title="bbox 759 1498 1787 1570; baseline 0 -20"><span class='ocrx_word' id='word_1_74' title='bbox 759 1500 1142 1552; x_wconf 80' lang='lat' dir='ltr'><strong>Interamnates</strong></span> <span class='ocrx_word' id='word_1_75' title='bbox 1194 1498 1250 1550; x_wconf 91' lang='lat' dir='ltr'><strong>in</strong></span> <span class='ocrx_word' id='word_1_76' title='bbox 1304 1512 1491 1570; x_wconf 78' lang='lat' dir='ltr'><strong>quarta</strong></span> <span class='ocrx_word' id='word_1_77' title='bbox 1534 1511 1787 1570; x_wconf 78' lang='lat' dir='ltr'><strong>sextaque</strong></span> 
     </span>
     <span class='ocr_line' id='line_1_12' title="bbox 756 1576 1786 1650; baseline -0.002 -19"><span class='ocrx_word' id='word_1_78' title='bbox 756 1578 973 1650; x_wconf 76' lang='lat' dir='ltr'><strong>regione</strong></span> <span class='ocrx_word' id='word_1_79' title='bbox 1007 1576 1341 1632; x_wconf 84' lang='lat' dir='ltr'><strong>nominandi.</strong></span> <span class='ocrx_word' id='word_1_80' title='bbox 1394 1579 1547 1632; x_wconf 82' lang='lat' dir='ltr'><strong>Hane</strong></span> <span class='ocrx_word' id='word_1_81' title='bbox 1582 1580 1786 1631; x_wconf 86' lang='lat' dir='ltr'><strong>Intera-</strong></span> 
     </span>
     <span class='ocr_line' id='line_1_13' title="bbox 758 1657 1784 1729; baseline 0.002 -19"><span class='ocrx_word' id='word_1_82' title='bbox 758 1677 957 1722; x_wconf 86' lang='lat' dir='ltr'><strong>mnam,</strong></span> <span class='ocrx_word' id='word_1_83' title='bbox 980 1677 1097 1729; x_wconf 73' lang='lat' dir='ltr'><strong>quae</strong></span> <span class='ocrx_word' id='word_1_84' title='bbox 1123 1659 1191 1710; x_wconf 85' lang='lat' dir='ltr'><strong>ab</strong></span> <span class='ocrx_word' id='word_1_85' title='bbox 1220 1675 1377 1710; x_wconf 83' lang='lat' dir='ltr'><strong>amne</strong></span> <span class='ocrx_word' id='word_1_86' title='bbox 1404 1658 1519 1710; x_wconf 85' lang='lat' dir='ltr'><strong>Liri</strong></span> <span class='ocrx_word' id='word_1_87' title='bbox 1548 1658 1603 1710; x_wconf 86' lang='lat' dir='ltr'><strong>in</strong></span> <span class='ocrx_word' id='word_1_88' title='bbox 1625 1657 1784 1712; x_wconf 82' lang='lat' dir='ltr'><strong>Latio</strong></span> 
     </span>
     <span class='ocr_line' id='line_1_14' title="bbox 758 1736 1786 1802; baseline 0 -14"><span class='ocrx_word' id='word_1_89' title='bbox 758 1755 953 1790; x_wconf 86' lang='lat' dir='ltr'><strong>nomen</strong></span> <span class='ocrx_word' id='word_1_90' title='bbox 983 1738 1169 1802; x_wconf 79' lang='lat' dir='ltr'><strong>habet,</strong></span> <span class='ocrx_word' id='word_1_91' title='bbox 1196 1737 1503 1790; x_wconf 75' lang='lat' dir='ltr'><strong>Holstenius</strong></span> <span class='ocrx_word' id='word_1_92' title='bbox 1528 1738 1603 1790; x_wconf 89' lang='lat' dir='ltr'><strong>ibi</strong></span> <span class='ocrx_word' id='word_1_93' title='bbox 1632 1736 1786 1790; x_wconf 79' lang='lat' dir='ltr'><strong>sitam</strong></span> 
     </span>
     <span class='ocr_line' id='line_1_15' title="bbox 758 1816 1791 1887; baseline -0.001 -19"><span class='ocrx_word' id='word_1_94' title='bbox 758 1833 869 1870; x_wconf 72' lang='lat' dir='ltr'><strong>esse</strong></span> <span class='ocrx_word' id='word_1_95' title='bbox 900 1830 1079 1887; x_wconf 85' lang='lat' dir='ltr'><strong>putat,</strong></span> <span class='ocrx_word' id='word_1_96' title='bbox 1112 1816 1207 1869; x_wconf 87' lang='lat' dir='ltr'><strong>ubi</strong></span> <span class='ocrx_word' id='word_1_97' title='bbox 1244 1835 1387 1870; x_wconf 88' lang='lat' dir='ltr'><strong>nunc</strong></span> <span class='ocrx_word' id='word_1_98' title='bbox 1428 1830 1507 1869; x_wconf 83' lang='lat' dir='ltr'><strong>est</strong></span> <span class='ocrx_word' id='word_1_99' title='bbox 1543 1818 1696 1868; x_wconf 76' lang='lat' dir='ltr'><strong>Tor-re</strong></span> <span class='ocrx_word' id='word_1_100' title='bbox 1733 1817 1791 1867; x_wconf 68' lang='lat' dir='ltr'><strong>da·</strong></span> 
     </span>
     <span class='ocr_line' id='line_1_16' title="bbox 764 1894 1782 1950; baseline -0.003 -3"><span class='ocrx_word' id='word_1_101' title='bbox 764 1897 1011 1949; x_wconf 73' lang='lat' dir='ltr'><strong>Termine:</strong></span> <span class='ocrx_word' id='word_1_102' title='bbox 1032 1897 1122 1950; x_wconf 75' lang='lat' dir='ltr'><strong>alii</strong></span> <span class='ocrx_word' id='word_1_103' title='bbox 1144 1896 1238 1948; x_wconf 82' lang='lat' dir='ltr'><strong>ubi</strong></span> <span class='ocrx_word' id='word_1_104' title='bbox 1261 1896 1499 1949; x_wconf 80' lang='lat' dir='ltr'><strong>Castrum</strong></span> <span class='ocrx_word' id='word_1_105' title='bbox 1526 1894 1782 1947; x_wconf 74' lang='lat' dir='ltr'><strong>l&#39;Isoletea.</strong></span> 
     </span>
     <span class='ocr_line' id='line_1_17' title="bbox 760 1974 1784 2046; baseline -0.002 -18"><span class='ocrx_word' id='word_1_106' title='bbox 760 1975 887 2028; x_wconf 78' lang='lat' dir='ltr'><strong>Haec</strong></span> <span class='ocrx_word' id='word_1_107' title='bbox 912 1977 1240 2046; x_wconf 84' lang='lat' dir='ltr'><strong>conjunctim</strong></span> <span class='ocrx_word' id='word_1_108' title='bbox 1269 1987 1327 2027; x_wconf 89' lang='lat' dir='ltr'><strong>ut</strong></span> <span class='ocrx_word' id='word_1_109' title='bbox 1351 1974 1680 2045; x_wconf 83' lang='lat' dir='ltr'><strong>legerentur,</strong></span> <span class='ocrx_word' id='word_1_110' title='bbox 1707 1974 1784 2026; x_wconf 84' lang='lat' dir='ltr'><strong>ef-</strong></span> 
     </span>
     <span class='ocr_line' id='line_1_18' title="bbox 758 2054 1784 2124; baseline -0.003 -18"><span class='ocrx_word' id='word_1_111' title='bbox 758 2055 978 2110; x_wconf 78' lang='lat' dir='ltr'>fecimus</span> <span class='ocrx_word' id='word_1_112' title='bbox 1026 2073 1057 2108; x_wconf 86' lang='lat'><strong>:·</strong></span> <span class='ocrx_word' id='word_1_113' title='bbox 1094 2073 1204 2107; x_wconf 86' lang='lat' dir='ltr'><strong>non</strong></span> <span class='ocrx_word' id='word_1_114' title='bbox 1246 2054 1323 2106; x_wconf 89' lang='lat' dir='ltr'><strong>uti</strong></span> <span class='ocrx_word' id='word_1_115' title='bbox 1365 2055 1548 2124; x_wconf 79' lang='lat' dir='ltr'><strong>prius,</strong></span> <span class='ocrx_word' id='word_1_116' title='bbox 1591 2055 1784 2106; x_wconf 80' lang='lat' dir='ltr'><strong>Intera-</strong></span> 
     </span>
     <span class='ocr_line' id='line_1_19' title="bbox 764 2133 1782 2205; baseline -0.001 -21"><span class='ocrx_word' id='word_1_117' title='bbox 764 2147 945 2188; x_wconf 70' lang='lat' dir='ltr'><strong>mantes</strong></span> <span class='ocrx_word' id='word_1_118' title='bbox 969 2172 984 2198; x_wconf 91' lang='lat'><strong>,</strong></span> <span class='ocrx_word' id='word_1_119' title='bbox 1025 2133 1313 2197; x_wconf 71' lang='lat' dir='ltr'><strong>Suc-casani,</strong></span> <span class='ocrx_word' id='word_1_120' title='bbox 1330 2137 1413 2205; x_wconf 72' lang='lat' dir='ltr'><strong>qui</strong></span> <span class='ocrx_word' id='word_1_121' title='bbox 1450 2145 1500 2183; x_wconf 80' lang='lat' dir='ltr'><strong>ee</strong></span> <span class='ocrx_word' id='word_1_122' title='bbox 1523 2133 1782 2184; x_wconf 78' lang='lat' dir='ltr'><strong>Lirinates.</strong></span> 
     </span>
     <span class='ocr_line' id='line_1_20' title="bbox 759 2212 1783 2285; baseline -0.001 -20"><span class='ocrx_word' id='word_1_123' title='bbox 759 2213 896 2267; x_wconf 88' lang='lat' dir='ltr'><strong>Nam</strong></span> <span class='ocrx_word' id='word_1_124' title='bbox 922 2227 1113 2285; x_wconf 76' lang='lat' dir='ltr'><strong>praeter</strong></span> <span class='ocrx_word' id='word_1_125' title='bbox 1144 2214 1529 2265; x_wconf 86' lang='lat' dir='ltr'><strong>elementorum</strong></span> <span class='ocrx_word' id='word_1_126' title='bbox 1560 2212 1783 2276; x_wconf 73' lang='lat' dir='ltr'><strong>seriem,</strong></span> 
     </span>
     <span class='ocr_line' id='line_1_21' title="bbox 758 2291 1779 2364; baseline -0.005 -18"><span class='ocrx_word' id='word_1_127' title='bbox 758 2311 877 2364; x_wconf 78' lang='lat' dir='ltr'><strong>quae</strong></span> <span class='ocrx_word' id='word_1_128' title='bbox 914 2293 1061 2345; x_wconf 77' lang='lat' dir='ltr'><strong>nuuc</strong></span> <span class='ocrx_word' id='word_1_129' title='bbox 1101 2292 1306 2362; x_wconf 77' lang='lat' dir='ltr'>alioqui</span> <span class='ocrx_word' id='word_1_130' title='bbox 1346 2291 1779 2361; x_wconf 82' lang='lat' dir='ltr'><strong>abrumperetur,</strong></span> 
     </span>
     <span class='ocr_line' id='line_1_22' title="bbox 759 2368 1784 2441; baseline -0.003 -16"><span class='ocrx_word' id='word_1_131' title='bbox 759 2371 917 2425; x_wconf 88' lang='lat' dir='ltr'><strong>docet</strong></span> <span class='ocrx_word' id='word_1_132' title='bbox 970 2371 1029 2424; x_wconf 85' lang='lat' dir='ltr'><strong>id</strong></span> <span class='ocrx_word' id='word_1_133' title='bbox 1088 2385 1237 2425; x_wconf 76' lang='lat' dir='ltr'><strong>vetus</strong></span> <span class='ocrx_word' id='word_1_134' title='bbox 1302 2371 1579 2441; x_wconf 82' lang='lat' dir='ltr'><strong>inscriptio</strong></span> <span class='ocrx_word' id='word_1_135' title='bbox 1639 2368 1784 2441; x_wconf 83' lang='lat' dir='ltr'><strong>apud</strong></span> 
     </span>
     <span class='ocr_line' id='line_1_23' title="bbox 758 2450 1782 2522; baseline -0.005 -16"><span class='ocrx_word' id='word_1_136' title='bbox 758 2452 1080 2512; x_wconf 81' lang='lat' dir='ltr'><strong>Gruterum,</strong></span> <span class='ocrx_word' id='word_1_137' title='bbox 1124 2469 1242 2522; x_wconf 76' lang='lat' dir='ltr'><strong>pag.</strong></span> <span class='ocrx_word' id='word_1_138' title='bbox 1290 2450 1435 2514; x_wconf 76' lang='lat'><strong>431,</strong></span> <span class='ocrx_word' id='word_1_139' title='bbox 1476 2467 1595 2520; x_wconf 75' lang='lat' dir='ltr'><strong>quae</strong></span> <span class='ocrx_word' id='word_1_140' title='bbox 1624 2450 1782 2504; x_wconf 79' lang='lat' dir='ltr'><strong>Casi-</strong></span> 
     </span>
     <span class='ocr_line' id='line_1_24' title="bbox 756 2529 1786 2602; baseline 0.001 -19"><span class='ocrx_word' id='word_1_141' title='bbox 756 2551 830 2584; x_wconf 86' lang='lat' dir='ltr'><strong>no</strong></span> <span class='ocrx_word' id='word_1_142' title='bbox 875 2531 933 2582; x_wconf 89' lang='lat' dir='ltr'><strong>in</strong></span> <span class='ocrx_word' id='word_1_143' title='bbox 974 2543 1155 2582; x_wconf 87' lang='lat' dir='ltr'><strong>monte</strong></span> <span class='ocrx_word' id='word_1_144' title='bbox 1200 2543 1407 2601; x_wconf 82' lang='lat' dir='ltr'><strong>reperta</strong></span> <span class='ocrx_word' id='word_1_145' title='bbox 1449 2542 1563 2581; x_wconf 82' lang='lat' dir='ltr'><strong>est:</strong></span> <span class='ocrx_word' id='word_1_146' title='bbox 1596 2529 1653 2581; x_wconf 87' lang='lat' dir='ltr'><strong>in</strong></span> <span class='ocrx_word' id='word_1_147' title='bbox 1681 2549 1786 2602; x_wconf 84' lang='lat' dir='ltr'><strong>qua</strong></span> 
     </span>
     <span class='ocr_line' id='line_1_25' title="bbox 757 2611 1786 2663; baseline 0 0"><span class='ocrx_word' id='word_1_148' title='bbox 757 2629 908 2663; x_wconf 75' lang='lat' dir='ltr'><strong>nur.</strong></span> <span class='ocrx_word' id='word_1_149' title='bbox 936 2627 1323 2662; x_wconf 61' lang='lat' dir='ltr'><strong>autumna-r.</strong></span> <span class='ocrx_word' id='word_1_150' title='bbox 1366 2627 1544 2662; x_wconf 74' lang='lat' dir='ltr'><strong>unm.</strong></span> <span class='ocrx_word' id='word_1_151' title='bbox 1584 2611 1786 2663; x_wconf 89' lang='lat' dir='ltr'><strong>mentio</strong></span> 
     </span>
     <span class='ocr_line' id='line_1_26' title="bbox 757 2688 1786 2759; baseline -0.002 -16"><span class='ocrx_word' id='word_1_152' title='bbox 757 2690 999 2743; x_wconf 72' lang='lat' dir='ltr'><strong>habetur.</strong></span> <span class='ocrx_word' id='word_1_153' title='bbox 1034 2688 1122 2742; x_wconf 85' lang='lat' dir='ltr'><strong>Sic</strong></span> <span class='ocrx_word' id='word_1_154' title='bbox 1158 2708 1321 2759; x_wconf 83' lang='lat' dir='ltr'><strong>porro</strong></span> <span class='ocrx_word' id='word_1_155' title='bbox 1355 2688 1604 2759; x_wconf 80' lang='lat' dir='ltr'><strong>appellati</strong></span> <span class='ocrx_word' id='word_1_156' title='bbox 1630 2702 1786 2756; x_wconf 69' lang='lat' dir='ltr'><strong>eunt,</strong></span> 
     </span>
     <span class='ocr_line' id='line_1_27' title="bbox 759 2766 1787 2842; baseline 0 -21"><span class='ocrx_word' id='word_1_157' title='bbox 759 2767 907 2842; x_wconf 85' lang='lat' dir='ltr'><strong>quod</strong></span> <span class='ocrx_word' id='word_1_158' title='bbox 949 2766 1019 2821; x_wconf 84' lang='lat' dir='ltr'><strong>ad</strong></span> <span class='ocrx_word' id='word_1_159' title='bbox 1060 2768 1247 2819; x_wconf 69' lang='lat' dir='ltr'><strong>Lirim·</strong></span> <span class='ocrx_word' id='word_1_160' title='bbox 1271 2785 1480 2821; x_wconf 83' lang='lat' dir='ltr'><strong>amnem</strong></span> <span class='ocrx_word' id='word_1_161' title='bbox 1514 2766 1664 2820; x_wconf 74' lang='lat' dir='ltr'><strong>sedes</strong></span> <span class='ocrx_word' id='word_1_162' title='bbox 1689 2769 1787 2821; x_wconf 82' lang='lat' dir='ltr'><strong>ha-</strong></span> 
     </span>
     <span class='ocr_line' id='line_1_28' title="bbox 756 2843 1785 2909; baseline -0.001 -7"><span class='ocrx_word' id='word_1_163' title='bbox 756 2850 943 2903; x_wconf 84' lang='lat' dir='ltr'><strong>berent</strong></span> <span class='ocrx_word' id='word_1_164' title='bbox 972 2866 988 2900; x_wconf 74' lang='grc' dir='ltr'><strong><em>ε</em></strong></span> <span class='ocrx_word' id='word_1_165' title='bbox 1016 2846 1283 2901; x_wconf 78' lang='lat' dir='ltr'><strong>Sucoasini</strong></span> <span class='ocrx_word' id='word_1_166' title='bbox 1306 2860 1481 2899; x_wconf 83' lang='lat' dir='ltr'><strong>autem</strong></span> <span class='ocrx_word' id='word_1_167' title='bbox 1510 2843 1619 2909; x_wconf 81' lang='lat' dir='ltr'><strong>(sic</strong></span> <span class='ocrx_word' id='word_1_168' title='bbox 1640 2848 1785 2901; x_wconf 87' lang='lat' dir='ltr'><strong>enim</strong></span> 
     </span>
     <span class='ocr_line' id='line_1_29' title="bbox 758 2920 1786 3004; baseline -0.001 -22"><span class='ocrx_word' id='word_1_169' title='bbox 758 2926 1011 2993; x_wconf 89' lang='lat' dir='ltr'><strong>emendo,</strong></span> <span class='ocrx_word' id='word_1_170' title='bbox 1036 2946 1142 2999; x_wconf 86' lang='lat' dir='ltr'><strong>pro</strong></span> <span class='ocrx_word' id='word_1_171' title='bbox 1158 2920 1457 2996; x_wconf 67' lang='lat' dir='ltr'><strong>succusani)</strong></span> <span class='ocrx_word' id='word_1_172' title='bbox 1474 2966 1491 2991; x_wconf 94' lang='lat'><strong>,</strong></span> <span class='ocrx_word' id='word_1_173' title='bbox 1510 2924 1657 2998; x_wconf 86' lang='lat' dir='ltr'><strong>quod</strong></span> <span class='ocrx_word' id='word_1_174' title='bbox 1685 2928 1786 3004; x_wconf 62' lang='lat' dir='ltr'><strong>qul&gt;</strong></span> 
     </span>
     <span class='ocr_line' id='line_1_30' title="bbox 760 3004 1784 3061; baseline 0 0"><span class='ocrx_word' id='word_1_175' title='bbox 760 3008 953 3061; x_wconf 82' lang='lat' dir='ltr'><strong>Casino</strong></span> <span class='ocrx_word' id='word_1_176' title='bbox 992 3020 1191 3060; x_wconf 87' lang='lat' dir='ltr'><strong>monte.</strong></span> <span class='ocrx_word' id='word_1_177' title='bbox 1222 3008 1425 3061; x_wconf 78' lang='lat' dir='ltr'><strong>Auctor</strong></span> <span class='ocrx_word' id='word_1_178' title='bbox 1461 3004 1784 3061; x_wconf 77' lang='lat' dir='ltr'><strong>emendandi</strong></span> 
     </span>
     <span class='ocr_line' id='line_1_31' title="bbox 757 3086 1780 3157; baseline 0.001 -18"><span class='ocrx_word' id='word_1_179' title='bbox 757 3086 965 3151; x_wconf 79' lang='lat' dir='ltr'><strong>Livius,</strong></span> <span class='ocrx_word' id='word_1_180' title='bbox 1004 3088 1101 3139; x_wconf 83' lang='lat' dir='ltr'><strong>lib.</strong></span> <span class='ocrx_word' id='word_1_181' title='bbox 1125 3086 1344 3151; x_wconf 85' lang='lat' dir='ltr'>XXVI,</span> <span class='ocrx_word' id='word_1_182' title='bbox 1386 3103 1501 3157; x_wconf 82' lang='lat' dir='ltr'><strong>cap.</strong></span> <span class='ocrx_word' id='word_1_183' title='bbox 1528 3102 1595 3155; x_wconf 87' lang='lat'><strong>9:</strong></span> <span class='ocrx_word' id='word_1_184' title='bbox 1621 3108 1642 3129; x_wconf 71' lang='grc' dir='ltr'>ι</span> <span class='ocrx_word' id='word_1_185' title='bbox 1667 3086 1780 3140; x_wconf 80' lang='lat' dir='ltr'><strong>Sub</strong></span> 
     </span>
     <span class='ocr_line' id='line_1_32' title="bbox 760 3165 1775 3220; baseline 0.001 -1"><span class='ocrx_word' id='word_1_186' title='bbox 760 3168 1015 3219; x_wconf 75' lang='lat' dir='ltr'><strong>Casinum</strong></span> <span class='ocrx_word' id='word_1_187' title='bbox 1078 3165 1249 3219; x_wconf 86' lang='lat' dir='ltr'><strong>biduo</strong></span> <span class='ocrx_word' id='word_1_188' title='bbox 1311 3166 1496 3218; x_wconf 79' lang='lat' dir='ltr'><strong>stativa</strong></span> <span class='ocrx_word' id='word_1_189' title='bbox 1552 3166 1732 3219; x_wconf 75' lang='lat' dir='ltr'><strong>habita</strong></span> <span class='ocrx_word' id='word_1_190' title='bbox 1761 3185 1775 3220; x_wconf 93' lang='lat'>:</span> 
     </span>
     <span class='ocr_line' id='line_1_33' title="bbox 757 3244 1776 3316; baseline -0.001 -18"><span class='ocrx_word' id='word_1_191' title='bbox 757 3244 892 3299; x_wconf 81' lang='lat' dir='ltr'><strong>Inde</strong></span> <span class='ocrx_word' id='word_1_192' title='bbox 940 3258 1131 3316; x_wconf 78' lang='lat' dir='ltr'><strong>praeter</strong></span> <span class='ocrx_word' id='word_1_193' title='bbox 1172 3246 1528 3297; x_wconf 74' lang='lat' dir='ltr'><strong>Interamnam</strong></span> <span class='ocrx_word' id='word_1_194' title='bbox 1548 3284 1562 3308; x_wconf 88' lang='lat'><strong>,</strong></span> <span class='ocrx_word' id='word_1_195' title='bbox 1606 3245 1776 3316; x_wconf 78' lang='lat' dir='ltr'><strong>Aqui·</strong></span> 
     </span>
     <span class='ocr_line' id='line_1_34' title="bbox 758 3325 1775 3396; baseline 0.002 -20"><span class='ocrx_word' id='word_1_196' title='bbox 758 3342 1026 3395; x_wconf 87' lang='lat' dir='ltr'><strong>numque,</strong></span> <span class='ocrx_word' id='word_1_197' title='bbox 1065 3325 1121 3377; x_wconf 89' lang='lat' dir='ltr'><strong>in</strong></span> <span class='ocrx_word' id='word_1_198' title='bbox 1171 3325 1537 3396; x_wconf 85' lang='lat' dir='ltr'><strong>Fregellanum</strong></span> <span class='ocrx_word' id='word_1_199' title='bbox 1586 3342 1775 3396; x_wconf 80' lang='lat' dir='ltr'><strong>agrum</strong></span> 
     </span>
     <span class='ocr_line' id='line_1_35' title="bbox 758 3403 1773 3459; baseline 0.001 -2"><span class='ocrx_word' id='word_1_200' title='bbox 758 3403 826 3457; x_wconf 82' lang='lat' dir='ltr'><strong>ad</strong></span> <span class='ocrx_word' id='word_1_201' title='bbox 852 3404 1023 3455; x_wconf 86' lang='lat' dir='ltr'><strong>Lirim</strong></span> <span class='ocrx_word' id='word_1_202' title='bbox 1055 3403 1277 3455; x_wconf 79' lang='lat' dir='ltr'><strong>fluvium</strong></span> <span class='ocrx_word' id='word_1_203' title='bbox 1300 3416 1533 3456; x_wconf 85' lang='lat' dir='ltr'><strong>ventum.</strong></span> <span class='ocrx_word' id='word_1_204' title='bbox 1558 3405 1773 3459; x_wconf 67' lang='lat' dir='ltr'><strong>fflnm.</strong></span> 
     </span>
    </p>

    <p class='ocr_par' dir='ltr' id='par_1_5' title="bbox 759 3482 1798 4186">
     <span class='ocr_line' id='line_1_36' title="bbox 846 3482 1778 3549; baseline 0.002 -15"><span class='ocrx_word' id='word_1_205' title='bbox 846 3490 933 3545; x_wconf 72' lang='grc'><strong>40.</strong></span> <span class='ocrx_word' id='word_1_206' title='bbox 1006 3482 1264 3534; x_wconf 67' lang='lat' dir='ltr'><strong>Illonenses</strong></span> <span class='ocrx_word' id='word_1_207' title='bbox 1280 3520 1295 3545; x_wconf 88' lang='lat'><strong>,</strong></span> <span class='ocrx_word' id='word_1_208' title='bbox 1357 3484 1567 3537; x_wconf 77' lang='lat' dir='ltr'><strong>Lavim&#39;e‘.</strong></span> <span class='ocrx_word' id='word_1_209' title='bbox 1608 3484 1660 3549; x_wconf 61' lang='grc' dir='ltr'><strong><em>Ε</em></strong></span> <span class='ocrx_word' id='word_1_210' title='bbox 1661 3496 1778 3536; x_wconf 79' lang='lat' dir='ltr'><strong>orte</strong></span> 
     </span>
     <span class='ocr_line' id='line_1_37' title="bbox 759 3560 1776 3631; baseline -0.001 -16"><span class='ocrx_word' id='word_1_211' title='bbox 759 3561 875 3615; x_wconf 74' lang='lat' dir='ltr'><strong>haee</strong></span> <span class='ocrx_word' id='word_1_212' title='bbox 913 3561 1237 3630; x_wconf 85' lang='lat' dir='ltr'><strong>conjunctim</strong></span> <span class='ocrx_word' id='word_1_213' title='bbox 1274 3560 1521 3631; x_wconf 77' lang='lat' dir='ltr'><strong>legenda,</strong></span> <span class='ocrx_word' id='word_1_214' title='bbox 1548 3573 1609 3614; x_wconf 88' lang='lat' dir='ltr'><strong>ut</strong></span> <span class='ocrx_word' id='word_1_215' title='bbox 1646 3562 1776 3614; x_wconf 88' lang='lat' dir='ltr'><strong>Ilio-</strong></span> 
     </span>
     <span class='ocr_line' id='line_1_38' title="bbox 760 3639 1776 3711; baseline -0.001 -18"><span class='ocrx_word' id='word_1_216' title='bbox 760 3659 947 3694; x_wconf 77' lang='lat' dir='ltr'><strong>nenses</strong></span> <span class='ocrx_word' id='word_1_217' title='bbox 969 3639 1097 3693; x_wconf 81' lang='lat' dir='ltr'><strong>dieti</strong></span> <span class='ocrx_word' id='word_1_218' title='bbox 1126 3640 1256 3704; x_wconf 79' lang='lat' dir='ltr'><strong>sint,</strong></span> <span class='ocrx_word' id='word_1_219' title='bbox 1278 3639 1425 3710; x_wconf 89' lang='lat' dir='ltr'><strong>quod</strong></span> <span class='ocrx_word' id='word_1_220' title='bbox 1447 3641 1515 3693; x_wconf 80' lang='lat' dir='ltr'><strong>ab</strong></span> <span class='ocrx_word' id='word_1_221' title='bbox 1534 3641 1637 3692; x_wconf 90' lang='lat' dir='ltr'><strong>Ilio</strong></span> <span class='ocrx_word' id='word_1_222' title='bbox 1665 3641 1776 3711; x_wconf 88' lang='lat' dir='ltr'><strong>pri-</strong></span> 
     </span>
     <span class='ocr_line' id='line_1_39' title="bbox 761 3717 1778 3792; baseline -0.002 -17"><span class='ocrx_word' id='word_1_223' title='bbox 761 3724 835 3774; x_wconf 88' lang='lat' dir='ltr'><strong>mi</strong></span> <span class='ocrx_word' id='word_1_224' title='bbox 870 3723 985 3792; x_wconf 79' lang='lat' dir='ltr'><strong>ejus</strong></span> <span class='ocrx_word' id='word_1_225' title='bbox 1014 3717 1205 3791; x_wconf 85' lang='lat' dir='ltr'><strong>oppidi</strong></span> <span class='ocrx_word' id='word_1_226' title='bbox 1235 3719 1421 3771; x_wconf 71' lang='lat' dir='ltr'><strong>incolae</strong></span> <span class='ocrx_word' id='word_1_227' title='bbox 1458 3738 1581 3773; x_wconf 88' lang='lat' dir='ltr'><strong>cum</strong></span> <span class='ocrx_word' id='word_1_228' title='bbox 1613 3723 1778 3773; x_wconf 84' lang='lat' dir='ltr'><strong>AEnea</strong></span> 
     </span>
     <span class='ocr_line' id='line_1_40' title="bbox 760 3796 1779 3869; baseline -0.004 -14"><span class='ocrx_word' id='word_1_229' title='bbox 760 3812 1047 3865; x_wconf 81' lang='lat' dir='ltr'><strong>venerunt,</strong></span> <span class='ocrx_word' id='word_1_230' title='bbox 1086 3799 1176 3851; x_wconf 87' lang='lat' dir='ltr'><strong>cui</strong></span> <span class='ocrx_word' id='word_1_231' title='bbox 1208 3796 1415 3869; x_wconf 84' lang='lat' dir='ltr'><strong>oppido</strong></span> <span class='ocrx_word' id='word_1_232' title='bbox 1442 3817 1639 3851; x_wconf 87' lang='lat' dir='ltr'><strong>nomeu</strong></span> <span class='ocrx_word' id='word_1_233' title='bbox 1677 3800 1779 3851; x_wconf 79' lang='lat' dir='ltr'><strong>La-</strong></span> 
     </span>
     <span class='ocr_line' id='line_1_41' title="bbox 761 3876 1780 3933; baseline -0.001 -1"><span class='ocrx_word' id='word_1_234' title='bbox 761 3879 906 3933; x_wconf 79' lang='lat' dir='ltr'><strong>vinio</strong></span> <span class='ocrx_word' id='word_1_235' title='bbox 926 3876 1103 3931; x_wconf 77' lang='lat' dir='ltr'><strong>suerit.</strong></span> <span class='ocrx_word' id='word_1_236' title='bbox 1121 3879 1185 3930; x_wconf 91' lang='lat' dir='ltr'><strong>In</strong></span> <span class='ocrx_word' id='word_1_237' title='bbox 1207 3895 1272 3929; x_wconf 89' lang='lat' dir='ltr'><strong>eo</strong></span> <span class='ocrx_word' id='word_1_238' title='bbox 1290 3876 1423 3930; x_wconf 82' lang='lat' dir='ltr'><strong>colle</strong></span> <span class='ocrx_word' id='word_1_239' title='bbox 1440 3878 1599 3931; x_wconf 80' lang='lat' dir='ltr'><strong>situm</strong></span> <span class='ocrx_word' id='word_1_240' title='bbox 1622 3878 1780 3931; x_wconf 77' lang='lat' dir='ltr'><strong>fuisse</strong></span> 
     </span>
     <span class='ocr_line' id='line_1_42' title="bbox 761 3956 1798 4030; baseline -0.001 -20"><span class='ocrx_word' id='word_1_241' title='bbox 761 3956 992 4023; x_wconf 82' lang='lat' dir='ltr'><strong>videtur,</strong></span> <span class='ocrx_word' id='word_1_242' title='bbox 1018 3959 1110 4030; x_wconf 87' lang='lat' dir='ltr'><strong>qui</strong></span> <span class='ocrx_word' id='word_1_243' title='bbox 1140 3975 1287 4009; x_wconf 89' lang='lat' dir='ltr'><strong>nunc</strong></span> <span class='ocrx_word' id='word_1_244' title='bbox 1328 3957 1487 4028; x_wconf 79' lang='lat' dir='ltr'><strong>vulgo</strong></span> <span class='ocrx_word' id='word_1_245' title='bbox 1524 3958 1696 4008; x_wconf 76' lang='lat' dir='ltr'><strong>Monte</strong></span> <span class='ocrx_word' id='word_1_246' title='bbox 1725 3958 1798 4009; x_wconf 69' lang='lat' dir='ltr'><strong>da·-</strong></span> 
     </span>
     <span class='ocr_line' id='line_1_43' title="bbox 762 4036 1773 4108; baseline 0.003 -20"><span class='ocrx_word' id='word_1_247' title='bbox 762 4036 973 4100; x_wconf 75' lang='lat' dir='ltr'><strong>Leocmo,</strong></span> <span class='ocrx_word' id='word_1_248' title='bbox 992 4056 1057 4089; x_wconf 72' lang='lat' dir='ltr'><strong>n.</strong></span> <span class='ocrx_word' id='word_1_249' title='bbox 1078 4056 1134 4091; x_wconf 84' lang='lat' dir='ltr'><strong>n.</strong></span> <span class='ocrx_word' id='word_1_250' title='bbox 1158 4054 1291 4108; x_wconf 80' lang='lat' dir='ltr'><strong>pass.</strong></span> <span class='ocrx_word' id='word_1_251' title='bbox 1315 4053 1471 4107; x_wconf 76' lang='lat' dir='ltr'><strong>supra</strong></span> <span class='ocrx_word' id='word_1_252' title='bbox 1490 4036 1773 4091; x_wconf 80' lang='lat' dir='ltr'><strong>Pau-icam.</strong></span> 
     </span>
     <span class='ocr_line' id='line_1_44' title="bbox 762 4115 1772 4186; baseline 0 -19"><span class='ocrx_word' id='word_1_253' title='bbox 762 4115 995 4169; x_wconf 74' lang='lat' dir='ltr'><strong>Holsten.</strong></span> <span class='ocrx_word' id='word_1_254' title='bbox 1028 4117 1236 4169; x_wconf 74' lang='lat' dir='ltr'><strong>Lanuvii</strong></span> <span class='ocrx_word' id='word_1_255' title='bbox 1264 4115 1503 4186; x_wconf 72' lang='lat' dir='ltr'><strong>reposuit</strong></span> <span class='ocrx_word' id='word_1_256' title='bbox 1542 4116 1772 4168; x_wconf 84' lang='lat' dir='ltr'><strong>Hermo·</strong></span> 
     </span>
    </p>
   </div>
   <div class='ocr_carea' id='block_1_5' title="bbox 1864 1259 2978 4189">
    <p class='ocr_par' dir='ltr' id='par_1_6' title="bbox 1871 1259 2904 2681">
     <span class='ocr_line' id='line_1_45' title="bbox 1877 1259 2904 1331; baseline 0.001 -20"><span class='ocrx_word' id='word_1_257' title='bbox 1877 1259 1990 1311; x_wconf 80' lang='lat' dir='ltr'><strong>tris.</strong></span> <span class='ocrx_word' id='word_1_258' title='bbox 2035 1262 2104 1312; x_wconf 83' lang='lat' dir='ltr'><strong>At</strong></span> <span class='ocrx_word' id='word_1_259' title='bbox 2135 1261 2308 1330; x_wconf 82' lang='lat' dir='ltr'><strong>major</strong></span> <span class='ocrx_word' id='word_1_260' title='bbox 2345 1259 2502 1331; x_wconf 84' lang='lat' dir='ltr'><strong>longe</strong></span> <span class='ocrx_word' id='word_1_261' title='bbox 2539 1259 2766 1330; x_wconf 79' lang='lat' dir='ltr'><strong>dignitas</strong></span> <span class='ocrx_word' id='word_1_262' title='bbox 2795 1261 2904 1312; x_wconf 75' lang='lat' dir='ltr'><strong>La·</strong></span> 
     </span>
     <span class='ocr_line' id='line_1_46' title="bbox 1871 1339 2904 1410; baseline -0.002 -18"><span class='ocrx_word' id='word_1_263' title='bbox 1871 1339 2008 1392; x_wconf 78' lang='lat' dir='ltr'><strong>vinii</strong></span> <span class='ocrx_word' id='word_1_264' title='bbox 2031 1339 2161 1402; x_wconf 85' lang='lat' dir='ltr'><strong>fuit,</strong></span> <span class='ocrx_word' id='word_1_265' title='bbox 2207 1351 2268 1392; x_wconf 87' lang='lat' dir='ltr'><strong>ut</strong></span> <span class='ocrx_word' id='word_1_266' title='bbox 2283 1350 2514 1392; x_wconf 81' lang='lat' dir='ltr'><strong>vetustas</strong></span> <span class='ocrx_word' id='word_1_267' title='bbox 2534 1341 2708 1410; x_wconf 83' lang='lat' dir='ltr'><strong>major</strong></span> <span class='ocrx_word' id='word_1_268' title='bbox 2730 1357 2744 1392; x_wconf 88' lang='lat'><strong>:</strong></span> <span class='ocrx_word' id='word_1_269' title='bbox 2771 1357 2904 1390; x_wconf 82' lang='lat' dir='ltr'><strong>nam</strong></span> 
     </span>
     <span class='ocr_line' id='line_1_47' title="bbox 1873 1417 2898 1490; baseline -0.001 -20"><span class='ocrx_word' id='word_1_270' title='bbox 1873 1431 1932 1472; x_wconf 89' lang='lat' dir='ltr'><strong>ut</strong></span> <span class='ocrx_word' id='word_1_271' title='bbox 1958 1419 2133 1472; x_wconf 87' lang='lat' dir='ltr'><strong>Varro</strong></span> <span class='ocrx_word' id='word_1_272' title='bbox 2163 1419 2238 1473; x_wconf 87' lang='lat' dir='ltr'><strong>ait</strong></span> <span class='ocrx_word' id='word_1_273' title='bbox 2261 1417 2330 1471; x_wconf 90' lang='lat' dir='ltr'><strong>de</strong></span> <span class='ocrx_word' id='word_1_274' title='bbox 2351 1419 2507 1490; x_wconf 80' lang='lat' dir='ltr'><strong>Ling.</strong></span> <span class='ocrx_word' id='word_1_275' title='bbox 2526 1419 2641 1471; x_wconf 85' lang='lat' dir='ltr'><strong>Lat.</strong></span> <span class='ocrx_word' id='word_1_276' title='bbox 2673 1418 2765 1470; x_wconf 87' lang='lat' dir='ltr'><strong>lib.</strong></span> <span class='ocrx_word' id='word_1_277' title='bbox 2791 1419 2898 1482; x_wconf 84' lang='lat' dir='ltr'><strong>lv,</strong></span> 
     </span>
     <span class='ocr_line' id='line_1_48' title="bbox 1871 1496 2902 1570; baseline 0 -20"><span class='ocrx_word' id='word_1_278' title='bbox 1871 1515 1995 1569; x_wconf 82' lang='lat' dir='ltr'><strong>pag.</strong></span> <span class='ocrx_word' id='word_1_279' title='bbox 2014 1496 2114 1551; x_wconf 82' lang='lat'><strong>35:</strong></span> <span class='ocrx_word' id='word_1_280' title='bbox 2138 1523 2160 1546; x_wconf 79' lang='grc' dir='ltr'>ι</span> <span class='ocrx_word' id='word_1_281' title='bbox 2179 1496 2478 1569; x_wconf 85' lang='lat' dir='ltr'><strong>Oppidum,</strong></span> <span class='ocrx_word' id='word_1_282' title='bbox 2499 1497 2643 1570; x_wconf 86' lang='lat' dir='ltr'><strong>quod</strong></span> <span class='ocrx_word' id='word_1_283' title='bbox 2665 1497 2902 1569; x_wconf 84' lang='lat' dir='ltr'><strong>primum</strong></span> 
     </span>
     <span class='ocr_line' id='line_1_49' title="bbox 1873 1576 2902 1648; baseline 0 -18"><span class='ocrx_word' id='word_1_284' title='bbox 1873 1576 2152 1630; x_wconf 88' lang='lat' dir='ltr'><strong>conditum</strong></span> <span class='ocrx_word' id='word_1_285' title='bbox 2179 1579 2235 1630; x_wconf 89' lang='lat' dir='ltr'><strong>in</strong></span> <span class='ocrx_word' id='word_1_286' title='bbox 2262 1578 2418 1631; x_wconf 85' lang='lat' dir='ltr'><strong>Latio</strong></span> <span class='ocrx_word' id='word_1_287' title='bbox 2445 1577 2623 1648; x_wconf 80' lang='lat' dir='ltr'><strong>stirpis</strong></span> <span class='ocrx_word' id='word_1_288' title='bbox 2644 1579 2902 1630; x_wconf 67' lang='lat' dir='ltr'><strong>Romanu</strong></span> 
     </span>
     <span class='ocr_line' id='line_1_50' title="bbox 1872 1656 2897 1718; baseline -0.002 -9"><span class='ocrx_word' id='word_1_289' title='bbox 1872 1656 2150 1710; x_wconf 79' lang='lat' dir='ltr'><strong>Lavinium</strong></span> <span class='ocrx_word' id='word_1_290' title='bbox 2175 1657 2278 1710; x_wconf 84' lang='lat' dir='ltr'><strong>fuit</strong></span> <span class='ocrx_word' id='word_1_291' title='bbox 2303 1675 2319 1710; x_wconf 73' lang='lat' dir='ltr'><em>z</em></span> <span class='ocrx_word' id='word_1_292' title='bbox 2367 1658 2472 1710; x_wconf 89' lang='lat' dir='ltr'><strong>hoc</strong></span> <span class='ocrx_word' id='word_1_293' title='bbox 2493 1676 2526 1709; x_wconf 81' lang='lat' dir='ltr'><strong>a</strong></span> <span class='ocrx_word' id='word_1_294' title='bbox 2554 1657 2732 1710; x_wconf 79' lang='lat' dir='ltr'><strong>Latini</strong></span> <span class='ocrx_word' id='word_1_295' title='bbox 2756 1656 2897 1718; x_wconf 75' lang='lat' dir='ltr'><strong>mia,</strong></span> 
     </span>
     <span class='ocr_line' id='line_1_51' title="bbox 1873 1735 2904 1807; baseline -0.001 -18"><span class='ocrx_word' id='word_1_296' title='bbox 1873 1755 1992 1807; x_wconf 69' lang='lat' dir='ltr'><strong>quo</strong></span> <span class='ocrx_word' id='word_1_297' title='bbox 2059 1741 2342 1807; x_wconf 83' lang='lat' dir='ltr'><strong>conjuncta</strong></span> <span class='ocrx_word' id='word_1_298' title='bbox 2407 1739 2615 1802; x_wconf 68' lang='lat' dir='ltr'><strong>AEneae,</strong></span> <span class='ocrx_word' id='word_1_299' title='bbox 2678 1735 2904 1788; x_wconf 77' lang='lat' dir='ltr'><strong>Lavinia</strong></span> 
     </span>
     <span class='ocr_line' id='line_1_52' title="bbox 1871 1815 2900 1886; baseline -0.001 -18"><span class='ocrx_word' id='word_1_300' title='bbox 1871 1815 2130 1886; x_wconf 82' lang='lat' dir='ltr'><strong>appellata</strong></span> <span class='ocrx_word' id='word_1_301' title='bbox 2147 1855 2162 1882; x_wconf 92' lang='lat'><strong>,</strong></span> <span class='ocrx_word' id='word_1_302' title='bbox 2212 1828 2315 1868; x_wconf 85' lang='lat' dir='ltr'><strong>ete.</strong></span> <span class='ocrx_word' id='word_1_303' title='bbox 2341 1841 2363 1862; x_wconf 75' lang='grc' dir='ltr'>ι</span> <span class='ocrx_word' id='word_1_304' title='bbox 2429 1815 2719 1878; x_wconf 83' lang='lat' dir='ltr'><strong>Frontino,</strong></span> <span class='ocrx_word' id='word_1_305' title='bbox 2771 1833 2900 1886; x_wconf 80' lang='lat' dir='ltr'><strong>pag.</strong></span> 
     </span>
     <span class='ocr_line' id='line_1_53' title="bbox 1873 1892 2894 1958; baseline -0.001 -11"><span class='ocrx_word' id='word_1_306' title='bbox 1873 1895 1946 1947; x_wconf 87' lang='lat'><strong>86</strong></span> <span class='ocrx_word' id='word_1_307' title='bbox 1960 1933 1976 1958; x_wconf 92' lang='lat'><strong>,</strong></span> <span class='ocrx_word' id='word_1_308' title='bbox 1988 1905 2044 1946; x_wconf 86' lang='lat' dir='ltr'><strong>et</strong></span> <span class='ocrx_word' id='word_1_309' title='bbox 2070 1914 2092 1946; x_wconf 85' lang='lat'>1</span> <span class='ocrx_word' id='word_1_310' title='bbox 2107 1901 2198 1957; x_wconf 76' lang='lat'><strong>24,</strong></span> <span class='ocrx_word' id='word_1_311' title='bbox 2218 1895 2658 1946; x_wconf 77' lang='lat' dir='ltr'><strong>Lauro-Lavinium</strong></span> <span class='ocrx_word' id='word_1_312' title='bbox 2674 1892 2894 1946; x_wconf 85' lang='lat' dir='ltr'><strong>dicitur.</strong></span> 
     </span>
     <span class='ocr_line' id='line_1_54' title="bbox 1871 1973 2902 2043; baseline -0.002 -18"><span class='ocrx_word' id='word_1_313' title='bbox 1871 1973 2160 2042; x_wconf 80' lang='lat' dir='ltr'><strong>Dionysius</strong></span> <span class='ocrx_word' id='word_1_314' title='bbox 2197 1973 2369 2026; x_wconf 83' lang='lat' dir='ltr'><strong>Halie.</strong></span> <span class='ocrx_word' id='word_1_315' title='bbox 2401 1974 2662 2043; x_wconf 78' lang='lat' dir='ltr'><strong>Antiquit.</strong></span> <span class='ocrx_word' id='word_1_316' title='bbox 2702 1973 2799 2026; x_wconf 81' lang='lat' dir='ltr'><strong>lib.</strong></span> <span class='ocrx_word' id='word_1_317' title='bbox 2826 1973 2902 2037; x_wconf 84' lang='lat' dir='ltr'><strong>V,</strong></span> 
     </span>
     <span class='ocr_line' id='line_1_55' title="bbox 1871 2047 2898 2122; baseline 0.001 -18"><span class='ocrx_word' id='word_1_318' title='bbox 1871 2069 1990 2122; x_wconf 84' lang='lat' dir='ltr'><strong>pag.</strong></span> <span class='ocrx_word' id='word_1_319' title='bbox 2015 2054 2157 2121; x_wconf 79' lang='lat'>287:</span> <span class='ocrx_word' id='word_1_320' title='bbox 2179 2047 2425 2106; x_wconf 70' lang='grc' dir='ltr'><strong>Δαζουΐνιον</strong></span> <span class='ocrx_word' id='word_1_321' title='bbox 2469 2052 2769 2121; x_wconf 72' lang='grc' dir='ltr'>μητρόπολις</span> <span class='ocrx_word' id='word_1_322' title='bbox 2808 2059 2898 2105; x_wconf 81' lang='grc' dir='ltr'><strong>τοῦ</strong></span> 
     </span>
     <span class='ocr_line' id='line_1_56' title="bbox 1871 2129 2898 2203; baseline 0.001 -20"><span class='ocrx_word' id='word_1_323' title='bbox 1871 2133 2098 2184; x_wconf 77' lang='grc' dir='ltr'><strong>Λατίνων</strong></span> <span class='ocrx_word' id='word_1_324' title='bbox 2127 2131 2311 2203; x_wconf 70' lang='grc' dir='ltr'><strong>γένους.</strong></span> <span class='ocrx_word' id='word_1_325' title='bbox 2338 2131 2533 2184; x_wconf 75' lang='lat' dir='ltr'><strong>Incolae</strong></span> <span class='ocrx_word' id='word_1_326' title='bbox 2561 2129 2860 2184; x_wconf 69' lang='grc' dir='ltr'><strong>Δαΰινιαταὶ</strong></span> <span class='ocrx_word' id='word_1_327' title='bbox 2881 2167 2898 2189; x_wconf 79' lang='grc'><strong>.</strong></span> 
     </span>
     <span class='ocr_line' id='line_1_57' title="bbox 1871 2207 2904 2281; baseline 0.001 -20"><span class='ocrx_word' id='word_1_328' title='bbox 1871 2227 1989 2281; x_wconf 80' lang='lat' dir='ltr'><strong>pag.</strong></span> <span class='ocrx_word' id='word_1_329' title='bbox 2039 2209 2171 2264; x_wconf 82' lang='lat'><strong>326.</strong></span> <span class='ocrx_word' id='word_1_330' title='bbox 2213 2211 2283 2263; x_wconf 86' lang='grc' dir='ltr'><strong>Η.</strong></span> <span class='ocrx_word' id='word_1_331' title='bbox 2314 2239 2396 2252; x_wconf 89' lang='lat'><strong>—-</strong></span> <span class='ocrx_word' id='word_1_332' title='bbox 2423 2207 2734 2280; x_wconf 81' lang='lat' dir='ltr'><strong>Legendum</strong></span> <span class='ocrx_word' id='word_1_333' title='bbox 2775 2210 2904 2262; x_wconf 66' lang='lat'><em>1150-</em></span> 
     </span>
     <span class='ocr_line' id='line_1_58' title="bbox 1871 2290 2903 2356; baseline 0.002 -15"><span class='ocrx_word' id='word_1_334' title='bbox 1871 2309 2035 2342; x_wconf 64' lang='grc' dir='ltr'><strong>ωηερε</strong></span> <span class='ocrx_word' id='word_1_335' title='bbox 2078 2291 2271 2342; x_wconf 68' lang='lat' dir='ltr'><strong>Lavini?</strong></span> <span class='ocrx_word' id='word_1_336' title='bbox 2281 2328 2297 2355; x_wconf 91' lang='lat'><strong>,</strong></span> <span class='ocrx_word' id='word_1_337' title='bbox 2329 2290 2442 2343; x_wconf 79' lang='lat' dir='ltr'><strong>sine</strong></span> <span class='ocrx_word' id='word_1_338' title='bbox 2485 2302 2746 2342; x_wconf 80' lang='lat' dir='ltr'><strong>commate</strong></span> <span class='ocrx_word' id='word_1_339' title='bbox 2771 2310 2788 2356; x_wconf 88' lang='lat'>;</span> <span class='ocrx_word' id='word_1_340' title='bbox 2845 2303 2903 2343; x_wconf 86' lang='lat' dir='ltr'><strong>et</strong></span> 
     </span>
     <span class='ocr_line' id='line_1_59' title="bbox 1872 2366 2897 2440; baseline -0.001 -17"><span class='ocrx_word' id='word_1_341' title='bbox 1872 2369 1944 2423; x_wconf 83' lang='lat' dir='ltr'><strong>ita</strong></span> <span class='ocrx_word' id='word_1_342' title='bbox 1957 2369 2118 2422; x_wconf 86' lang='lat' dir='ltr'><strong>habet</strong></span> <span class='ocrx_word' id='word_1_343' title='bbox 2140 2367 2303 2422; x_wconf 82' lang='lat' dir='ltr'><strong>editio</strong></span> <span class='ocrx_word' id='word_1_344' title='bbox 2323 2370 2586 2440; x_wconf 76' lang='lat' dir='ltr'><strong>princeps.</strong></span> <span class='ocrx_word' id='word_1_345' title='bbox 2604 2368 2788 2421; x_wconf 73' lang='lat' dir='ltr'><strong>Livius</strong></span> <span class='ocrx_word' id='word_1_346' title='bbox 2801 2366 2897 2422; x_wconf 81' lang='lat' dir='ltr'><strong>lib.</strong></span> 
     </span>
     <span class='ocr_line' id='line_1_60' title="bbox 1872 2447 2899 2520; baseline 0 -20"><span class='ocrx_word' id='word_1_347' title='bbox 1872 2450 1918 2514; x_wconf 84' lang='grc' dir='ltr'><strong>Ι,</strong></span> <span class='ocrx_word' id='word_1_348' title='bbox 1931 2467 1978 2502; x_wconf 87' lang='lat' dir='ltr'><strong>e.</strong></span> <span class='ocrx_word' id='word_1_349' title='bbox 1999 2467 2055 2502; x_wconf 81' lang='lat'><strong>1:</strong></span> <span class='ocrx_word' id='word_1_350' title='bbox 2079 2448 2332 2520; x_wconf 70' lang='lat' dir='ltr'><strong>«Troiani</strong></span> <span class='ocrx_word' id='word_1_351' title='bbox 2359 2447 2618 2520; x_wconf 87' lang='lat' dir='ltr'><strong>oppidum</strong></span> <span class='ocrx_word' id='word_1_352' title='bbox 2640 2447 2899 2502; x_wconf 85' lang='lat' dir='ltr'><strong>condunt.</strong></span> 
     </span>
     <span class='ocr_line' id='line_1_61' title="bbox 1873 2527 2900 2583; baseline 0.001 -3"><span class='ocrx_word' id='word_1_353' title='bbox 1873 2531 2065 2582; x_wconf 79' lang='lat' dir='ltr'><strong>AEneas</strong></span> <span class='ocrx_word' id='word_1_354' title='bbox 2086 2528 2153 2580; x_wconf 85' lang='lat' dir='ltr'><strong>ab</strong></span> <span class='ocrx_word' id='word_1_355' title='bbox 2169 2528 2390 2580; x_wconf 87' lang='lat' dir='ltr'><strong>nomine</strong></span> <span class='ocrx_word' id='word_1_356' title='bbox 2411 2528 2591 2583; x_wconf 73' lang='lat' dir='ltr'><strong>uxoris</strong></span> <span class='ocrx_word' id='word_1_357' title='bbox 2613 2527 2900 2581; x_wconf 79' lang='lat' dir='ltr'><strong>Lavinium</strong></span> 
     </span>
     <span class='ocr_line' id='line_1_62' title="bbox 1871 2608 2359 2681; baseline -0.002 -18"><span class='ocrx_word' id='word_1_358' title='bbox 1871 2610 2120 2681; x_wconf 85' lang='lat' dir='ltr'><strong>appellat.</strong></span> <span class='ocrx_word' id='word_1_359' title='bbox 2143 2634 2168 2656; x_wconf 72' lang='grc' dir='ltr'><strong>ι</strong></span> <span class='ocrx_word' id='word_1_360' title='bbox 2188 2608 2359 2661; x_wconf 67' lang='lat' dir='ltr'><strong>Bao-r.</strong></span> 
     </span>
    </p>

    <p class='ocr_par' dir='ltr' id='par_1_7' title="bbox 1871 2686 2978 3078">
     <span class='ocr_line' id='line_1_63' title="bbox 1956 2686 2901 2753; baseline -0.001 -12"><span class='ocrx_word' id='word_1_361' title='bbox 1956 2696 2049 2753; x_wconf 73' lang='lat'><strong>41.</strong></span> <span class='ocrx_word' id='word_1_362' title='bbox 2101 2686 2341 2743; x_wconf 73' lang='lat' dir='ltr'><strong>Norbani.</strong></span> <span class='ocrx_word' id='word_1_363' title='bbox 2385 2688 2568 2741; x_wconf 80' lang='lat' dir='ltr'><strong>Norba</strong></span> <span class='ocrx_word' id='word_1_364' title='bbox 2595 2687 2729 2741; x_wconf 86' lang='lat' dir='ltr'><strong>olim</strong></span> <span class='ocrx_word' id='word_1_365' title='bbox 2761 2686 2901 2741; x_wconf 79' lang='lat' dir='ltr'><strong>vol-</strong></span> 
     </span>
     <span class='ocr_line' id='line_1_64' title="bbox 1872 2765 2900 2838; baseline -0.001 -18"><span class='ocrx_word' id='word_1_366' title='bbox 1872 2772 2084 2821; x_wconf 72' lang='lat' dir='ltr'><strong>scorum</strong></span> <span class='ocrx_word' id='word_1_367' title='bbox 2133 2765 2395 2838; x_wconf 82' lang='lat' dir='ltr'><strong>oppidum</strong></span> <span class='ocrx_word' id='word_1_368' title='bbox 2419 2806 2434 2833; x_wconf 91' lang='lat'><strong>,</strong></span> <span class='ocrx_word' id='word_1_369' title='bbox 2491 2766 2658 2820; x_wconf 87' lang='lat' dir='ltr'><strong>hodie</strong></span> <span class='ocrx_word' id='word_1_370' title='bbox 2708 2767 2900 2821; x_wconf 72' lang='lat' dir='ltr'><strong>Not-ma</strong></span> 
     </span>
     <span class='ocr_line' id='line_1_65' title="bbox 1872 2844 2899 2918; baseline 0.002 -19"><span class='ocrx_word' id='word_1_371' title='bbox 1872 2852 2115 2911; x_wconf 62' lang='lat' dir='ltr'><strong>mutuata,</strong></span> <span class='ocrx_word' id='word_1_372' title='bbox 2161 2845 2394 2918; x_wconf 80' lang='lat' dir='ltr'><strong>Signiam</strong></span> <span class='ocrx_word' id='word_1_373' title='bbox 2435 2847 2602 2911; x_wconf 86' lang='lat' dir='ltr'><strong>inter,</strong></span> <span class='ocrx_word' id='word_1_374' title='bbox 2647 2844 2899 2918; x_wconf 75' lang='lat' dir='ltr'><strong>paludes-</strong></span> 
     </span>
     <span class='ocr_line' id='line_1_66' title="bbox 1871 2925 2978 2998; baseline -0.001 -19"><span class='ocrx_word' id='word_1_375' title='bbox 1871 2946 1976 2998; x_wconf 87' lang='lat' dir='ltr'><strong>que</strong></span> <span class='ocrx_word' id='word_1_376' title='bbox 2005 2926 2329 2997; x_wconf 78' lang='lat' dir='ltr'><strong>Pomptinas.</strong></span> <span class='ocrx_word' id='word_1_377' title='bbox 2361 2926 2479 2980; x_wconf 75' lang='lat' dir='ltr'><strong>Liv.</strong></span> <span class='ocrx_word' id='word_1_378' title='bbox 2509 2925 2607 2979; x_wconf 81' lang='lat' dir='ltr'><strong>lib.</strong></span> <span class='ocrx_word' id='word_1_379' title='bbox 2637 2927 2888 2992; x_wconf 82' lang='lat' dir='ltr'><strong>XXXII,</strong></span> <span class='ocrx_word' id='word_1_380' title='bbox 2959 2946 2978 2957; x_wconf 88' lang='lat'><strong>·</strong></span> 
     </span>
     <span class='ocr_line' id='line_1_67' title="bbox 1871 3006 2299 3078; baseline -0.005 -19"><span class='ocrx_word' id='word_1_381' title='bbox 1871 3024 1985 3078; x_wconf 83' lang='lat' dir='ltr'><strong>cap.</strong></span> <span class='ocrx_word' id='word_1_382' title='bbox 2023 3026 2077 3059; x_wconf 76' lang='lat' dir='ltr'><strong>a.</strong></span> <span class='ocrx_word' id='word_1_383' title='bbox 2111 3006 2299 3058; x_wconf 66' lang='lat' dir='ltr'><strong>Hann-</strong></span> 
     </span>
    </p>

    <p class='ocr_par' dir='ltr' id='par_1_8' title="bbox 1864 3084 2896 3395">
     <span class='ocr_line' id='line_1_68' title="bbox 1955 3084 2896 3157; baseline -0.001 -19"><span class='ocrx_word' id='word_1_384' title='bbox 1955 3092 2042 3149; x_wconf 70' lang='lat'><strong>4²·</strong></span> <span class='ocrx_word' id='word_1_385' title='bbox 2083 3084 2393 3139; x_wconf 76' lang='lat' dir='ltr'><strong>Nomentani.</strong></span> <span class='ocrx_word' id='word_1_386' title='bbox 2433 3085 2771 3138; x_wconf 82' lang='lat' dir='ltr'><strong>Nomentum</strong></span> <span class='ocrx_word' id='word_1_387' title='bbox 2795 3104 2896 3157; x_wconf 85' lang='lat' dir='ltr'><strong>op·</strong></span> 
     </span>
     <span class='ocr_line' id='line_1_69' title="bbox 1867 3162 2893 3236; baseline 0.002 -21"><span class='ocrx_word' id='word_1_388' title='bbox 1867 3162 2054 3235; x_wconf 84' lang='lat' dir='ltr'><strong>pidum</strong></span> <span class='ocrx_word' id='word_1_389' title='bbox 2077 3165 2230 3217; x_wconf 79' lang='lat' dir='ltr'><strong>Livio</strong></span> <span class='ocrx_word' id='word_1_390' title='bbox 2247 3204 2263 3229; x_wconf 93' lang='lat'><strong>,</strong></span> <span class='ocrx_word' id='word_1_391' title='bbox 2291 3166 2389 3218; x_wconf 84' lang='lat' dir='ltr'><strong>lib.</strong></span> <span class='ocrx_word' id='word_1_392' title='bbox 2411 3166 2440 3217; x_wconf 93' lang='lat'>1</span> <span class='ocrx_word' id='word_1_393' title='bbox 2458 3201 2475 3227; x_wconf 88' lang='lat'><strong>‚</strong></span> <span class='ocrx_word' id='word_1_394' title='bbox 2500 3182 2616 3236; x_wconf 82' lang='lat' dir='ltr'><strong>cap.</strong></span> <span class='ocrx_word' id='word_1_395' title='bbox 2649 3167 2743 3219; x_wconf 73' lang='lat'><strong>28.</strong></span> <span class='ocrx_word' id='word_1_396' title='bbox 2775 3164 2893 3217; x_wconf 84' lang='lat' dir='ltr'><strong>Ho-</strong></span> 
     </span>
     <span class='ocr_line' id='line_1_70' title="bbox 1865 3241 2895 3308; baseline 0 -13"><span class='ocrx_word' id='word_1_397' title='bbox 1865 3241 1953 3296; x_wconf 86' lang='lat' dir='ltr'><strong>die</strong></span> <span class='ocrx_word' id='word_1_398' title='bbox 1978 3244 2056 3295; x_wconf 79' lang='lat' dir='ltr'><strong>La</strong></span> <span class='ocrx_word' id='word_1_399' title='bbox 2087 3245 2338 3298; x_wconf 65' lang='lat' dir='ltr'><strong>Memmia.</strong></span> <span class='ocrx_word' id='word_1_400' title='bbox 2386 3244 2638 3308; x_wconf 69' lang='lat' dir='ltr'><strong>Raecius..</strong></span> <span class='ocrx_word' id='word_1_401' title='bbox 2684 3243 2782 3297; x_wconf 86' lang='lat' dir='ltr'><strong>lib.</strong></span> <span class='ocrx_word' id='word_1_402' title='bbox 2815 3244 2895 3308; x_wconf 85' lang='lat' dir='ltr'><strong>V,</strong></span> 
     </span>
     <span class='ocr_line' id='line_1_71' title="bbox 1864 3322 2886 3395; baseline 0.001 -20"><span class='ocrx_word' id='word_1_403' title='bbox 1864 3340 1982 3394; x_wconf 81' lang='lat' dir='ltr'><strong>pag.</strong></span> <span class='ocrx_word' id='word_1_404' title='bbox 2018 3342 2122 3395; x_wconf 83' lang='lat'><strong>²7¹</strong></span> <span class='ocrx_word' id='word_1_405' title='bbox 2147 3363 2164 3389; x_wconf 87' lang='lat'><strong>,</strong></span> <span class='ocrx_word' id='word_1_406' title='bbox 2187 3324 2244 3375; x_wconf 88' lang='lat' dir='ltr'><strong>in</strong></span> <span class='ocrx_word' id='word_1_407' title='bbox 2269 3325 2437 3377; x_wconf 84' lang='lat' dir='ltr'><strong>Terra</strong></span> <span class='ocrx_word' id='word_1_408' title='bbox 2465 3324 2678 3377; x_wconf 83' lang='lat' dir='ltr'><strong>Sabina.</strong></span> <span class='ocrx_word' id='word_1_409' title='bbox 2703 3322 2886 3376; x_wconf 59' lang='lat' dir='ltr'><strong>Hann-</strong></span> 
     </span>
    </p>

    <p class='ocr_par' dir='ltr' id='par_1_9' title="bbox 1864 3402 2898 4108">
     <span class='ocr_line' id='line_1_72' title="bbox 1947 3402 2894 3469; baseline 0 -14"><span class='ocrx_word' id='word_1_410' title='bbox 1947 3402 2039 3465; x_wconf 75' lang='grc'><strong>43.</strong></span> <span class='ocrx_word' id='word_1_411' title='bbox 2063 3405 2372 3456; x_wconf 73' lang='lat' dir='ltr'><strong>Proeneste&#39;ne‘.</strong></span> <span class='ocrx_word' id='word_1_412' title='bbox 2419 3403 2564 3455; x_wconf 80' lang='lat' dir='ltr'><strong>Urbs</strong></span> <span class='ocrx_word' id='word_1_413' title='bbox 2609 3402 2894 3469; x_wconf 69' lang='lat' dir='ltr'><strong>Proeneste,</strong></span> 
     </span>
     <span class='ocr_line' id='line_1_73' title="bbox 1864 3481 2895 3554; baseline 0.003 -20"><span class='ocrx_word' id='word_1_414' title='bbox 1864 3484 2162 3551; x_wconf 69' lang='grc' dir='ltr'><strong>Πραίνεστος</strong></span> <span class='ocrx_word' id='word_1_415' title='bbox 2187 3482 2434 3535; x_wconf 78' lang='lat' dir='ltr'><strong>Straboni</strong></span> <span class='ocrx_word' id='word_1_416' title='bbox 2457 3522 2473 3548; x_wconf 94' lang='lat'><strong>,</strong></span> <span class='ocrx_word' id='word_1_417' title='bbox 2495 3482 2644 3534; x_wconf 86' lang='lat' dir='ltr'><strong>lib.V</strong></span> <span class='ocrx_word' id='word_1_418' title='bbox 2674 3501 2729 3554; x_wconf 89' lang='lat' dir='ltr'><strong>p.</strong></span> <span class='ocrx_word' id='word_1_419' title='bbox 2759 3481 2895 3548; x_wconf 72' lang='lat'><strong>238,</strong></span> 
     </span>
     <span class='ocr_line' id='line_1_74' title="bbox 1864 3560 2898 3633; baseline 0.001 -21"><span class='ocrx_word' id='word_1_420' title='bbox 1864 3560 1958 3613; x_wconf 87' lang='lat' dir='ltr'><strong>ubi</strong></span> <span class='ocrx_word' id='word_1_421' title='bbox 1971 3564 2398 3633; x_wconf 58' lang='lat' dir='ltr'><strong>cenezum&#39;pam</strong></span> <span class='ocrx_word' id='word_1_422' title='bbox 2415 3560 2688 3633; x_wconf 81' lang='lat' dir='ltr'><strong>quondam</strong></span> <span class='ocrx_word' id='word_1_423' title='bbox 2705 3562 2898 3633; x_wconf 84' lang='lat' dir='ltr'><strong>appel-</strong></span> 
     </span>
     <span class='ocr_line' id='line_1_75' title="bbox 1865 3640 2896 3712; baseline 0.002 -21"><span class='ocrx_word' id='word_1_424' title='bbox 1865 3640 2022 3693; x_wconf 79' lang='lat' dir='ltr'><strong>latam</strong></span> <span class='ocrx_word' id='word_1_425' title='bbox 2041 3642 2254 3707; x_wconf 74' lang='lat' dir='ltr'><strong>scribit,</strong></span> <span class='ocrx_word' id='word_1_426' title='bbox 2285 3660 2394 3712; x_wconf 89' lang='lat' dir='ltr'><strong>quo</strong></span> <span class='ocrx_word' id='word_1_427' title='bbox 2419 3642 2639 3695; x_wconf 84' lang='lat' dir='ltr'><strong>nomine</strong></span> <span class='ocrx_word' id='word_1_428' title='bbox 2665 3659 2896 3694; x_wconf 77' lang='lat' dir='ltr'><strong>eorona-</strong></span> 
     </span>
     <span class='ocr_line' id='line_1_76' title="bbox 1866 3718 2897 3792; baseline 0.002 -21"><span class='ocrx_word' id='word_1_429' title='bbox 1866 3738 1986 3772; x_wconf 84' lang='lat' dir='ltr'><strong>rum</strong></span> <span class='ocrx_word' id='word_1_430' title='bbox 2025 3718 2314 3774; x_wconf 74' lang='lat' dir='ltr'><strong>muititudo</strong></span> <span class='ocrx_word' id='word_1_431' title='bbox 2356 3719 2689 3792; x_wconf 84' lang='lat' dir='ltr'><strong>exprimitur.</strong></span> <span class='ocrx_word' id='word_1_432' title='bbox 2717 3718 2897 3773; x_wconf 85' lang='lat' dir='ltr'><strong>Hodie</strong></span> 
     </span>
     <span class='ocr_line' id='line_1_77' title="bbox 1867 3798 2894 3862; baseline 0.004 -15"><span class='ocrx_word' id='word_1_433' title='bbox 1867 3798 2136 3853; x_wconf 64' lang='lat' dir='ltr'><strong>Pila-ctrina</strong></span> <span class='ocrx_word' id='word_1_434' title='bbox 2149 3812 2243 3862; x_wconf 69' lang='lat' dir='ltr'><strong>„et</strong></span> <span class='ocrx_word' id='word_1_435' title='bbox 2260 3800 2540 3853; x_wconf 76' lang='lat' dir='ltr'><strong>Palestrim</strong></span> <span class='ocrx_word' id='word_1_436' title='bbox 2564 3798 2724 3853; x_wconf 83' lang='lat' dir='ltr'><strong>dicta.</strong></span> <span class='ocrx_word' id='word_1_437' title='bbox 2743 3800 2894 3852; x_wconf 89' lang='lat' dir='ltr'><strong>Olim</strong></span> 
     </span>
     <span class='ocr_line' id='line_1_78' title="bbox 1868 3880 2896 3951; baseline 0.001 -23"><span class='ocrx_word' id='word_1_438' title='bbox 1868 3896 2076 3932; x_wconf 82' lang='lat' dir='ltr'><strong>summo</strong></span> <span class='ocrx_word' id='word_1_439' title='bbox 2102 3880 2296 3934; x_wconf 80' lang='lat' dir='ltr'><strong>montis</strong></span> <span class='ocrx_word' id='word_1_440' title='bbox 2317 3880 2657 3933; x_wconf 82' lang='lat' dir='ltr'><strong>attollebatur</strong></span> <span class='ocrx_word' id='word_1_441' title='bbox 2677 3882 2830 3951; x_wconf 81' lang='lat' dir='ltr'><strong>jugo.</strong></span> <span class='ocrx_word' id='word_1_442' title='bbox 2847 3882 2896 3929; x_wconf 79' lang='lat' dir='ltr'>A</span> 
     </span>
     <span class='ocr_line' id='line_1_79' title="bbox 1867 3958 2897 4021; baseline 0.002 -13"><span class='ocrx_word' id='word_1_443' title='bbox 1867 3958 2144 4011; x_wconf 77' lang='lat' dir='ltr'><strong>Bonisacio</strong></span> <span class='ocrx_word' id='word_1_444' title='bbox 2169 3960 2312 4011; x_wconf 85' lang='lat' dir='ltr'><strong>VIII</strong></span> <span class='ocrx_word' id='word_1_445' title='bbox 2349 3958 2562 4021; x_wconf 67' lang='lat' dir='ltr'><strong>dirum,</strong></span> <span class='ocrx_word' id='word_1_446' title='bbox 2605 3958 2662 4011; x_wconf 83' lang='lat' dir='ltr'><strong>in</strong></span> <span class='ocrx_word' id='word_1_447' title='bbox 2701 3958 2897 4011; x_wconf 77' lang='lat' dir='ltr'><strong>vallem</strong></span> 
     </span>
     <span class='ocr_line' id='line_1_80' title="bbox 1865 4034 2624 4108; baseline 0.004 -20"><span class='ocrx_word' id='word_1_448' title='bbox 1865 4034 2060 4089; x_wconf 87' lang='lat' dir='ltr'><strong>deinde</strong></span> <span class='ocrx_word' id='word_1_449' title='bbox 2089 4037 2293 4108; x_wconf 79' lang='lat' dir='ltr'><strong>dejecta</strong></span> <span class='ocrx_word' id='word_1_450' title='bbox 2319 4052 2412 4092; x_wconf 87' lang='lat' dir='ltr'><strong>est.</strong></span> <span class='ocrx_word' id='word_1_451' title='bbox 2441 4038 2624 4091; x_wconf 65' lang='lat' dir='ltr'><strong>Ha&#39;nn.</strong></span> 
     </span>
    </p>

    <p class='ocr_par' dir='ltr' id='par_1_10' title="bbox 1945 4117 2904 4189">
     <span class='ocr_line' id='line_1_81' title="bbox 1945 4117 2904 4189; baseline 0 -19"><span class='ocrx_word' id='word_1_452' title='bbox 1945 4122 2038 4180; x_wconf 74' lang='grc'><strong>44.</strong></span> <span class='ocrx_word' id='word_1_453' title='bbox 2089 4120 2410 4173; x_wconf 73' lang='lat' dir='ltr'><strong>Privernates.</strong></span> <span class='ocrx_word' id='word_1_454' title='bbox 2450 4124 2518 4189; x_wconf 69' lang='lat'><strong>111:</strong></span> <span class='ocrx_word' id='word_1_455' title='bbox 2528 4120 2752 4189; x_wconf 69' lang='grc' dir='ltr'><strong>ιουέρνιον</strong></span> <span class='ocrx_word' id='word_1_456' title='bbox 2773 4117 2904 4170; x_wconf 77' lang='lat' dir='ltr'><strong>Pto-</strong></span> 
     </span>
    </p>
   </div>
  </div>
 </body>
</html>
