3300 5175
447 686 472 697 ..
559 688 566 693 ⁵
767 526 897 631 C.
977 528 1456 633 PLINII
1531 502 2182 635 SECUNDI

413 778 1472 922 NATURALIS
1583 778 2529 923 HISTORIAE

1131 1095 1545 1184 LIBER
1617 1098 1805 1183 III.

411 1474 1588 1594 Pnooeurum.—-Hactenus·de
1627 1522 1791 1608 situ,
1832 1536 1899 1590 et
1936 1524 2269 1605 miraculis
2299 1542 2529 1619 terren,

403 1649 858 1722 aquarumque
877 1680 898 1711 ‚
933 1640 1002 1694 et
1029 1624 1358 1710 siderum.
1391 1648 1472 1695 ac
1507 1627 1771 1695 ratione·
1786 1628 2231 1701 universitatis
2248 1630 2290 1719 ¹,
2330 1649 2528 1731 atque

405 1757 736 1803 mensura.
799 1734 1000 1803 Nunc
1067 1730 1151 1800 de
1210 1730 1520 1825 partibus'
1559 1756 1576 1799 ε
1630 1756 2011 1827 quanquam
2073 1736 2403 1809 infinitum
2460 1742 2529 1811 id

401 1862 667 1933 quoque
692 1840 1120 1922 existimatur,
1153 1860 1278 1905 nec
1311 1849 1558 1905 temere
1591 1838 1731 1905 sine
1763 1837 1979 1933 aliqua
2014 1842 2527 1932 reprehensione

401 1942 832 2031 tractatum²3
873 1941 1054 2013 haud
1093 1938 1227 2011 ullo
1266 1943 1334 2009 in
1369 1966 1608 2037 genere
1637 1945 1831 2013 venia
1866 1942 2141 2037 justiore
2171 2002 2190 2036 ,
2234 1952 2287 2019 si
2324 1952 2526 2025 modo

399 2052 670 2121 minime
695 2053 942 2120 mirum
975 2064 1078 2118 est
1107 2048 1444 2117 hominem
1483 2050 1777 2143 genitum
1814 2074 1951 2121 non
1986 2056 2209 2123 omnia
2232 2056 2526 2129 humana

401 2158 680 2226 novisse.
707 2157 1140 2250 Quapropter
1165 2167 1502 2223 auctorem
1531 2156 1859 2224 neminem
1882 2180 2089 2226 unum
2115 2184 2350 2255 sequar
2366 2166 2524 2248 ;·sed

400 2277 480 2333 ut
509 2287 837 2357 quemque
875 2259 1281 2329 verissimum
1307 2258 1374 2327 in
1403 2278 1666 2355 quaque
1695 2275 1880 2356 parte
1911 2263 2316 2337 arbitrabor:
2349 2296 2522 2365 quo-

399 2369 580 2445 niam
615 2358 968 2437 commune
1007 2364 1214 2435 ferme
1257 2366 1563 2435 omnibus
1599 2366 1763 2453 fuit,
1796 2383 1873 2437 ut
1914 2394 2027 2439 eos
2062 2374 2337 2467 quisque
2377 2375 2522 2445 dili-

401 2476 776 2569 gentissime
817 2474 978 2541 situs
1032 2470 1311 2559 diceret,
1355 2473 1422 2539 in
1463 2472 1701 2566 quibus
1746 2474 1886 2569 ipse
1934 2476 2260 2571 prodebat
2304 2505 2322 2549 τ
2372 2480 2522 2551 ideo

399 2605 526 2652 nec
569 2578 852 2675 culpabo
870 2629 895 2663 ,
934 2591 1050 2648 aut
1086 2601 1442 2672 coarguam
1492 2603 1912 2674 quemquam.
1961 2575 2297 2654 Locorum
2343 2589 2521 2660 nuda

397 2688 711 2773 nomina,
753 2700 821 2754 et
853 2698 1100 2780 quanta
1135 2683 1402 2752 dabitur
1441 2684 1767 2756 brevitate
1813 2703 2181 2780 ponentur,
2226 2689 2519 2765 claritate

399 2777 776 2888 causisque³
803 2790 1021 2860 dilatis
1046 2792 1116 2856 in
1149 2812 1300 2857 suas
1324 2804 1584 2884 partes:
1609 2811 1789 2859 nunc
1816 2793 1992 2860 enim
2024 2817 2242 2864 sermo
2268 2796 2353 2866 de
2379 2813 2521 2876 toto

473 3010 520 3046 ι.
556 2991 890 3042 Universz‘eau's.
919 2983 1072 3040 Hanc
1097 3004 1277 3039 rerum
1297 2985 1416 3038 uni·
1505 2983 1597 3060 qui
1618 3007 1728 3041 non
1752 2989 1829 3043 ita
1851 2991 2121 3067 expeditus
2138 3007 2239 3062 est,
2268 2995 2383 3051 siin
2404 3003 2521 3054 vul-

397 3071 698 3130 venitatem
731 3067 926 3140 sepius
965 3065 1151 3119 Cicero
1187 3065 1254 3118 de
1289 3065 1415 3118 Nat.
1501 3079 1622 3137 gata
1646 3078 1698 3120 et
1722 3087 1875 3135 vera,
1919 3083 1979 3122 ut
2018 3069 2256 3136 videtur,
2293 3075 2519 3134 lectione

395 3154 559 3206 Deor.
599 3147 690 3202 lib.
727 3147 780 3209 1,
827 3146 894 3211 43
914 3185 931 3212 ,
967 3155 1021 3198 et
1049 3143 1146 3196 lib.
1187 3143 1245 3196 11
1268 3181 1284 3206 ,
1317 3144 1412 3208 65,
1499 3159 1755 3198 tractatum
1778 3147 2094 3220 acquiescas.
2117 3151 2229 3221 Ego
2248 3155 2515 3230 intellige-

396 3230 561 3289 vcsriie
601 3227 828 3299 explicat
864 3223 1067 3286 modin
1091 3241 1192 3276 nec
1219 3223 1412 3275 Demo·
1497 3243 1607 3278 rem
1625 3263 1640 3286 ,
1674 3232 1824 3296 vulgo
1851 3231 1936 3293 (en
1955 3231 2217 3296 gendo-al),
2238 3237 2357 3301 fite
2390 3257 2514 3290 sem-

395 3311 529 3364 erito
555 3295 698 3362 favet
721 3331 748 3352 α
763 3302 1024 3370 censenti,
1047 3301 1303 3373 imagines
1331 3301 1410 3354 di-

395 3387 613 3441 vinitate
631 3381 876 3457 proditas
893 3382 1062 3434 inesse
1081 3379 1410 3433 universitati

391 3483 606 3532 rerum3
641 3464 726 3520 vel
763 3461 1027 3535 principia
1065 3459 1254 3512 mentis
1287 3477 1406 3533 quae

395 3557 518 3600 sunt
543 3543 598 3598 in
625 3539 813 3594 eodem
837 3539 1080 3593 unIVerso
1108 3539 1246 3591 Deos
1266 3557 1407 3604 esse-3

393 3623 481 3678 vel
524 3623 760 3694 ingentes
807 3615 1066 3690 quasdam
1125 3616 1404 3687 imagines,

392 3714 665 3772 tantasque
707 3710 766 3750 ut
803 3695 1108 3750 universum
1147 3694 1405 3748 mundum

391 3779 807 3852 complectantur
827 3775 1147 3828 extrinsecus
1161 3799 1182 3820 ι
1197 3813 1210 3826 .
1231 3774 1333 3828 En.

467 3879 513 3912 2.
559 3861 664 3909 Nec
695 3870 867 3906 temere
891 3857 998 3906 sine
1021 3855 1190 3922 aliqua
1219 3855 1402 3922 repr-ch.

391 3951 661 3989 tractuum.
682 3933 738 3986 Si
766 3951 887 3988 cum
905 3945 1081 3986 vetere
1110 3931 1252 4006 apud
1279 3931 1398 3985 nal.

392 4017 572 4070 codice
590 4015 729 4086 legas
751 4017 1057 4066 tractandum
1066 4054 1084 4080 ,
1101 4009 1256 4086 'patet
1281 4031 1399 4066 seu-

392 4114 480 4150 sus
509 4103 598 4149 τοῦ
615 4111 816 4156 temere,
857 4091 915 4147 id
941 4105 1016 4148 est
1034 4131 1052 4159 ,
1079 4093 1398 4148 inconsulte:

547 4208 646 4275 II.

1492 3323 1598 3370 per.
1622 3303 1711 3357 sic
1736 3305 1826 3358 lib.
1847 3305 1955 3370 xl,
1984 3315 2079 3370 24:
2109 3333 2131 3355 ι
2154 3311 2299 3364 Ictus
2326 3332 2510 3370 eorum

1493 3381 1857 3454 (crabronum)
1888 3383 2036 3438 haud
2070 3399 2265 3444 temere
2292 3391 2407 3448 sine
2438 3398 2513 3449 fe-

1493 3459 1576 3514 bri
1601 3475 1700 3527 est3
1722 3487 1747 3507 ι-
1775 3471 1829 3515 et
1844 3463 1993 3529 XVI,
2014 3464 2114 3517 30:
2140 3469 2297 3522 «Non
2314 3483 2511 3529 temere

1493 3539 1548 3592 in
1590 3540 1861 3592 montibus
1902 3541 2025 3595 vico
2072 3557 2197 3597 sunt
2238 3553 2457 3618 prunus.
2473 3579 2495 3601 ι

1491 3617 1718 3684 Quintil.
1748 3619 1919 3672 Instit.
1945 3619 2039 3674 Or.
2062 3622 2089 3673 I
2107 3663 2123 3689 ,
2153 3623 2210 3686 3,
2236 3627 2266 3694 S
2297 3627 2327 3680 3
2349 3647 2363 3681 :
2394 3657 2418 3676 ‹-
2436 3633 2507 3684 11-

1491 3695 1586 3750 lud
1621 3697 1957 3768 ingeniorum
1992 3701 2139 3754 velut
2168 3723 2381 3776 praecox
2416 3728 2504 3779 ge-

1492 3795 1622 3841 nus,
1646 3795 1757 3852 non
1778 3789 1975 3832 temere
2002 3798 2237 3852 unquam
2262 3789 2505 3855 pervenit

1493 3855 1562 3909 ad
1614 3855 1847 3927 frugem;
1881 3884 1907 3902 »-
1959 3857 2049 3910 ubi
2088 3860 2311 3930 quidam
2344 3869 2506 3933 facih

1491 3934 1789 4006 intelligunt
1805 3973 1822 3996 ,
1842 3935 1986 4006 quod
2015 3945 2066 3990 et
2090 3939 2145 3990 h.
2168 3938 2199 3990 l.
2223 3957 2330 3993 non
2355 3943 2507 3997 abso·

1488 4032 1620 4066 num
1648 4015 1802 4066 soret.
1827 4013 1932 4067 En.

1564 4093 1614 4146 3.
1645 4095 1877 4147 Claritate
1898 4099 2168 4166 causisque.
2190 4095 2376 4153 causis
2395 4101 2513 4176 qui-

2156 4230 2183 4274 1
