3300 5175
1131 489 1454 559 LIBER
1503 489 1650 558 111.

2312 513 2456 588 129

321 627 784 722 Agathyrnum
795 610 882 712 ⁶⁶,
914 610 1294 720 Tyndaris⁶¹
1337 623 1628 714 colonia,
1662 621 1987 720 oppidum
2024 620 2229 719 Mylae
2244 609 2297 654 ⁶⁸
2314 678 2336 714 ,
2390 641 2463 698 et

322 733 504 803 unde
543 733 866 828 coepimus
879 782 900 818 ,
941 729 1242 802 Pelorus.

431 841 622 908 Intus
651 892 674 927 ‚
729 837 946 908 latinae
965 835 986 862 ¹
1067 837 1464 908 conditionis
1494 890 1515 926 ‚
1570 834 2021 932 Centuripini²
2052 889 2075 924 ‚
2129 837 2359 908 Netini
2379 825 2403 864 ⁸
2435 893 2456 930 ‚
2490 850 2525 910 5

321 997 585 1072 additque
610 999 666 1051 in
691 997 900 1070 mappis
935 997 1088 1052 novis
1119 1016 1228 1052 non
1263 1016 1351 1051 re-

319 1077 484 1150 periri
503 1083 554 1130 S.
575 1078 891 1145 Philadelphi
909 1076 1090 1149 oppidi
1111 1095 1311 1130 nomen
1331 1113 1349 1141 ‚

321 1155 471 1228 quod
507 1175 682 1228 neque
715 1155 848 1208 mihi
883 1156 1138 1226 contigit3
1179 1154 1354 1228 requi-

317 1235 550 1290 rendum
573 1235 742 1308 igitur
767 1246 844 1287 est
867 1234 1145 1287 Aluntium
1161 1275 1178 1300 ‚
1197 1247 1258 1287 ut
1281 1233 1354 1287 ait

319 1315 466 1370 idem
486 1316 825 1381 nannetum,
843 1311 916 1366 ad
927 1313 1186 1367 orientem
1203 1311 1354 1366 fluvii

323 1397 562 1447 Furfano.
585 1394 690 1447 En.

399 1476 488 1526 60.
517 1475 882 1541 Agathyrnum.
921 1470 1065 1524 Alias
1107 1473 1356 1539 Agathyn-

320 1572 452 1605 sum.
483 1552 684 1605 Dauo.
710 1581 780 1591 —
807 1548 1093 1610 Straboni,
1123 1549 1217 1601 lib.
1239 1548 1356 1615 VI,

319 1651 450 1705 pag.
472 1633 573 1684 266
595 1667 614 1694 ‚
640 1620 929 1702 Ᾰγοίθυρσον.
958 1625 1184 1700 Polybio
1207 1625 1355 1699 apud

317 1711 504 1784 steph.
521 1701 794 1782 Ᾰγῶθυρσα..
817 1706 1054 1762 Diodoro
1067 1745 1084 1768 ‚
1115 1706 1254 1760 libro
1267 1708 1318 1759 V
1335 1744 1353 1771 ,

319 1811 450 1864 pag.
475 1807 601 1858 991,
625 1777 891 1860 Ᾰγαίουρνον
906 1825 922 1850 ,
951 1786 1020 1840 ab
1044 1786 1354 1858 Agathyrno

319 1889 472 1943 rege.
500 1868 683 1922 Hsan.
705 1898 776 1908 —
795 1866 976 1920 Livius
998 1865 1094 1918 lib.
1131 1865 1320 1918 xxvl
1338 1901 1354 1927 ,

321 1968 450 2022 cap.
481 1955 574 2014 40,
605 1958 658 1999 et
683 1946 776 1999 lib.
814 1945 1058 2007 XXVII,
1091 1961 1210 2014 cap.
1255 1961 1314 1995 ra
1337 1979 1354 2005 ,

321 2029 474 2082 illam
494 2029 843 2095 Agathyrnam
869 2035 1022 2076 vocat
1038 2062 1054 2088 ‚
1076 2021 1304 2093 indeque
1321 2039 1352 2074 a

321 2105 552 2160 Lavino
571 2103 786 2158 consule
820 2101 1148 2157 inconditam
1174 2099 1352 2154 multi-

321 2183 570 2238 tudinem
592 2181 872 2235 hominum
891 2199 984 2252 per
999 2179 1273 2233 latrocinia
1288 2197 1350 2232 ac

323 2263 574 2336 rapinam
601 2259 946 2314 tolerantium
971 2259 1150 2320 vitam,
1172 2259 1227 2310 in
1247 2259 1352 2312 Ita-

323 2343 462 2394 liam
484 2351 838 2394 transvectam
859 2339 1020 2392 fuisse
1042 2357 1140 2392 nos
1168 2337 1350 2402 docet,

325 2440 477 2474 anno
497 2418 566 2471 U.
599 2419 661 2472 C.
691 2417 812 2482 542.
837 2417 916 2469 Ex
944 2415 1241 2487 Peutingeri
1281 2425 1354 2468 ta-

325 2500 460 2554 bula
483 2496 676 2570 conjici
705 2496 848 2550 haud
885 2495 1146 2549 immerito
1183 2505 1354 2567 potest

325 2581 478 2635 illam
497 2576 684 2653 oppidi
703 2575 868 2631 hodie
889 2583 941 2631 S.
975 2581 1152 2645 Agara
1179 2573 1352 2629 vocati

323 2664 495 2717 situm
525 2658 864 2731 occupavisse
903 2675 987 2710 κη
1027 2674 1098 2709 κ.
1133 2675 1272 2729 pass.
1321 2674 1355 2709 a

333 2745 538 2793 Calata
555 2740 662 2791 En.

406 2822 498 2873 61.
529 2818 772 2883 Zrndan's
805 2818 1017 2869 colonia.
1039 2815 1102 2867 In
1123 2814 1354 2867 nummis

329 2902 736 2951 mmmm.
757 2895 980 2968 Polybio
999 2930 1016 2957 ‚
1044 2894 1136 2947 lib.
1158 2895 1215 2957 1,
1235 2912 1354 2965 pag.

333 2978 438 3045 35,
473 2974 727 3047 Τυνδαρίς.
768 2975 814 3026 Δ
862 2973 1118 3046 Dionysio
1157 2975 1356 3045 majore

329 3059 513 3131 primo
535 3052 846 3128 olympiadis
872 3057 940 3122 96
973 3072 1116 3107 anuo
1139 3052 1356 3106 condita

329 3138 436 3191 fuit
451 3178 468 3203 ,
487 3155 658 3208 eoque
675 3134 1026 3207 perfugerunt
1045 3132 1201 3185 multi
1221 3131 1359 3185 Mes-

331 3216 498 3280 senii,
561 3214 1010 3286 Methymnaeique
1063 3230 1127 3263 ex
1187 3210 1360 3263 insula

332 3294 543 3357 Lesbo,
579 3294 670 3365 qui
706 3292 913 3364 legibus
951 3290 1058 3343 suis
1092 3288 1192 3343 diu
1218 3290 1360 3343 vixe-

331 3385 481 3426 runt.
519 3372 610 3426 Sic
654 3390 778 3425 cum
817 3371 1041 3425 Himera
1082 3370 1190 3421 sola
1238 3388 1361 3423 vere

331 3454 503 3508 libers
519 3452 814 3526 respublica
830 3451 1016 3505 Graeca
1033 3450 1171 3503 facta
1197 3460 1277 3502 est
1301 3448 1360 3501 in

335 3534 536 3597 Sicilia,
554 3533 948 3605 permansitque
959 3550 1126 3605 usque
1137 3530 1206 3583 ad
1219 3528 1360 3585 Sexti

333 3613 574 3685 Pompeii
607 3610 918 3683 octaviique
947 3611 1074 3665 belli
1095 3622 1351 3681 tempora.

334 3692 696 3765 Tyndaritani
721 3691 958 3761 pluribus
990 3692 1122 3745 locis
1150 3709 1181 3744 a
1209 3690 1358 3743 Cice-

333 3790 472 3825 rone
491 3772 547 3823 in
568 3771 788 3824 Verrem
810 3770 1066 3824 citantur:
1081 3764 1359 3839 Τυνδαρίδα

333 3852 460 3905 citat
487 3849 714 3913 strabo,
747 3848 842 3901 lib.
874 3850 980 3910 VI,
1016 3866 1138 3920 pag.
1170 3850 1270 3899 266
1307 3856 1361 3899 et

340 3949 442 4000 ²7²
457 3970 475 3995 ,
495 3949 600 3983 xxv
624 3946 688 3981 n.
723 3947 863 4000 pase.
889 3948 919 3979 a
947 3928 1134 4000 Mylis,
1166 3946 1270 3980 xxx
1291 3926 1361 3980 ab

335 4010 679 4080 Agathyrna,
698 4004 843 4077 quod
876 3997 1145 4078 Ᾰγάθυρσον
1179 4018 1362 4069 vocat,

339 4100 404 4141 ut
427 4086 593 4141 modo
611 4086 856 4143 diximus.
873 4084 1126 4139 Antonini
1148 4085 1364 4139 Itinera·

506 4200 607 4265 Il.

1434 996 1574 1050 rium
1615 996 2028 1070 Peutingeriqne
2080 998 2259 1054 tabula
2310 999 2461 1054 illam

1435 1096 1612 1132 xxvm
1623 1095 1689 1131 u.
1708 1096 1847 1149 pass.
1859 1079 1929 1132 ab
1945 1076 2270 1150 Agathyrna,
2284 1091 2462 1133 ortum
2498 1103 2507 1110 ·

1435 1157 1560 1210 solis
1584 1176 1767 1211 versus
1789 1194 1806 1221 ,
1840 1177 2007 1212 xxxvt
2040 1175 2073 1211 a
2101 1160 2340 1212 Messana
2365 1177 2463 1232 po-

1435 1240 1570 1290 nunt
1586 1253 1604 1288 :
1625 1236 1771 1289 unde
1788 1237 2007 1309 conjicit
2024 1237 2327 1292 Mannenus
2344 1256 2463 1292 eam

1430 1317 1576 1387 juxta
1615 1315 2047 1387 promontorium
2070 1314 2232 1370 hodie
2259 1336 2385 1388 capo
2408 1320 2466 1369 da·

1437 1397 1719 1462 Hongioio,
1763 1395 1998 1466 antiquis
2041 1396 2466 1468 promontorium

1436 1473 1707 1545 Tyndaris
1738 1471 1974 1538 dictum,
2003 1474 2155 1526 sitam
2190 1474 2374 1541 fuisse,
2394 1475 2465 1530 ad

1437 1551 1697 1604 orientem
1720 1550 1956 1605 fluminis
1976 1555 2121 1605 Pani.
2138 1551 2291 1605 Illius
2311 1553 2464 1608 rude-

1435 1629 1588 1684 ribus
1619 1629 1815 1684 insidet
1854 1630 2069 1702 virginis
2101 1631 2285 1686 Maria
2327 1644 2464 1686 tem-

1437 1708 1586 1780 plum
1610 1746 1627 1771 ,
1673 1712 1829 1783 cujus
1871 1709 2196 1772 claustrum,
2247 1721 2463 1766 auctore

1436 1786 1720 1840 Mannerto
1738 1825 1754 1851 ,
1773 1789 1825 1840 in
1846 1800 2117 1861 prerupto
2136 1802 2318 1843 monte
2331 1828 2347 1854 ,
2364 1791 2463 1864 qui

1435 1883 1628 1919 nomen
1692 1869 1903 1918 Tindari
1948 1878 2122 1920 servat
2138 1905 2155 1929 ‚
2208 1869 2459 1924 cernitur.

1435 1945 1685 1999 Extremo
1708 1945 1829 1998 sinu
1846 1946 2007 2000 situm
2032 1956 2145 2000 erat
2172 1947 2427 2020 oppidum
2444 1985 2460 2013 ,

1434 2026 1584 2096 cujus
1631 2023 1906 2078 dimidiam
1953 2035 2157 2095 partem
2204 2025 2458 2082 fluctibus

1431 2105 1711 2177 abruptam
1734 2115 1915 2157 narrat
1942 2103 2136 2157 Noster
2171 2104 2263 2157 lib.
2290 2106 2375 2170 11,
2402 2123 2457 2162 e.

1433 2190 1525 2254 94.
1546 2183 1688 2237 Male
1722 2181 1873 2236 addit
1901 2183 2215 2236 Mannertus
2240 2182 2460 2256 Tynda-

1431 2263 1530 2316 rim
1566 2281 1848 2336 perperam
1890 2281 1921 2314 a
1956 2261 2147 2314 Nostro
2189 2260 2459 2315 coloniam

1433 2341 1598 2406 citari,
1625 2359 1793 2414 quum
1828 2341 1901 2395 sic
1925 2359 2022 2412 pro
2052 2340 2329 2413 quinque,
2368 2359 2459 2394 sex

1436 2423 1671 2475 colonias
1692 2422 2000 2484 interseram
2040 2439 2151 2474 nou
2179 2419 2321 2474 euim
2342 2438 2458 2484 sex,

1436 2499 1530 2554 sed
1547 2499 1783 2572 quinque
1808 2511 2016 2554 tantum
2052 2499 2109 2553 in
2146 2500 2340 2554 Nostro
2366 2519 2457 2556 re·

1436 2578 1608 2651 perio,
1625 2579 2039 2635 Tauromenium
2066 2579 2267 2636 scilicet
2284 2618 2300 2644 ‚
2318 2579 2460 2633 Cati·-

1435 2676 1588 2726 nam,
1606 2659 1885 2731 Syracusas
1902 2696 1921 2725 ,
1941 2658 2205 2713 Tha-mas
2232 2670 2285 2713 et
2308 2660 2458 2733 Tyn·-

1439 2736 1628 2790 darim.
1649 2738 1753 2790 En.

1509 2819 1596 2869 62.
1619 2820 1789 2881 Myle.
1809 2818 1854 2866 A
1872 2816 2123 2870 Zanclaeis
2140 2815 2395 2881 condito,
2412 2816 2459 2869 si

1439 2894 1728 2949 audiantur
1748 2894 2009 2967 Scymnns
2025 2894 2190 2949 Chius
2208 2935 2225 2960 ‚
2249 2914 2301 2947 v.
2332 2898 2458 2966 ²87,

1440 2987 1492 3029 et
1509 2972 1729 3035 Strabo,
1750 2972 1841 3025 lib.
1865 2974 1949 3025 vl
1968 3014 1983 3037 ‚
2002 2990 2123 3045 pag.
2147 2976 2265 3026 266.
2284 2972 2459 3027 Hodie

1441 3057 1667 3107 Helaszo
1688 3063 1920 3105 vocatur.
1946 3054 2053 3105 En.

1537 3150 1582 3185 1.
1641 3133 1843 3183 Latina.
1906 3131 2033 3183 Jure
2089 3130 2277 3184 veteris
2321 3130 2463 3183 Latii

1445 3212 1671 3274 donata,
1704 3210 1773 3263 de
1809 3228 1918 3281 quo
1950 3209 2181 3263 diximus
2206 3210 2459 3282 supra'in

1445 3303 1571 3345 nota
1598 3291 1795 3360 5‚cap.
1830 3290 1879 3341 3.
1908 3289 2014 3340 En.

1523 3388 1568 3421 a.
1593 3370 1907 3436 Cenmn‘pe'ni.
1933 3366 2209 3439 Oppidum
2252 3365 2317 3419 τὰ
2343 3373 2461 3418 Κιν-

1447 3451 1624 3521 τόριπι
1639 3447 1913 3513 Straboni,
1936 3447 2028 3499 lib.
2051 3448 2131 3499 vt
2146 3484 2163 3509 ,
2181 3464 2299 3518 pag.
2323 3462 2422 3516 ²7²
2444 3483 2461 3508 ‚

1445 3548 1606 3601 supra
1619 3528 1860 3581 Catinam
1878 3567 1894 3592 ‚
1906 3529 2057 3599 juxta
2067 3531 2299 3580 AEtnaeoe
2316 3543 2464 3577 mon·

1444 3621 1522 3663 tes
1550 3628 1562 3662 :
1591 3609 1650 3661 in
1674 3606 1904 3662 nummis
1932 3606 2139 3659 Parnm
2174 3610 2463 3657 KENTOPI·

1440 3695 1651 3741 nmmt.
1668 3683 1811 3739 Vide
1828 3685 1987 3739 etiam
2003 3684 2239 3737 Tullium
2258 3684 2313 3735 in
2334 3682 2465 3733 Ver-

1443 3786 1586 3827 rem,
1610 3766 1703 3819 lib.
1730 3764 1838 3830 111,
1857 3782 1969 3835 cap.
1988 3763 2053 3827 45
2074 3784 2091 3829 ;
2118 3763 2211 3815 lib.
2238 3761 2326 3824 11,
2348 3777 2461 3829 cap.

1448 3848 1552 3911 68,
1594 3858 1650 3897 et
1686 3844 1826 3896 libro
1865 3844 1975 3907 IV,
2012 3860 2130 3913 cap.
2168 3843 2252 3894 50.
2290 3836 2487 3892 Hodie

1451 3928 1674 3979 centorbi
1698 3922 1910 3976 dicitur.
1934 3922 2095 3974 Hnm
2117 3932 2171 3974 et
2189 3919 2287 3971 En.

1521 4004 1582 4061 3..
1601 4004 1784 4055 Netini.
1819 4000 1999 4053 Chiffl.
2021 4000 2213 4067 Nept'ni.
2251 3994 2466 4047 Netinos

1449 4100 1663 4156 quoque
1676 4080 1887 4135 Tullius
1913 4088 2093 4143 vocat,
2117 4076 2171 4128 in
2193 4076 2351 4126 Verr.
2373 4073 2469 4125 lib.

2157 4206 2208 4278 9
