3300 5175
1173 555 1487 623 LIBER
1540 556 1697 623 111.
2406 548 2500 645 37

357 708 564 779 opus,
601 688 766 754 sicut
779 670 829 708 ³⁵
862 686 1204 779 Carthago
1237 688 1619 753 Poenorum.
1660 686 1875 752 Recio
1897 684 2259 779 Ilergetum
2276 668 2349 769 ³⁶,
2382 708 2505 777 op·

361 792 594 885 pidum
638 792 859 861 Subur
877 777 927 829 ³⁷
959 816 974 859 τ
1011 792 1257 861 flumen
1300 791 1739 860 Rubricatum
1788 778 1834 874 ⁸,
1876 816 1916 858 a
1956 816 2091 885 quo
2132 776 2503 859 Laletani³⁹

360 912 429 967 et
464 898 796 995 Indigetes
809 886 885 965 ⁴⁰.
933 902 1090 968 Post
1107 886 1154 929 ⁴¹
1183 923 1332 987 eOS,
1371 924 1506 993 quo
1533 898 1791 967 dicetur
1810 896 2073 981 ordine,
2112 898 2289 967 intus
2318 922 2497 965 rece·
2544 896 2573 949 5

441 1116 536 1170 35.
595 1116 734 1169 Sicut
801 1118 1052 1187 Carthago
1104 1118 1380 1170 Poenorum.
1471 1116 1612 1170 tibus
1629 1116 1877 1188 pluribus
1890 1117 2022 1171 locis
2036 1116 2279 1170 meminit
2292 1117 2499 1183 Livius,

359 1198 680 1267 Interpretes
739 1216 924 1249 omnes
971 1198 1062 1250 hic
1106 1194 1175 1250 de
1215 1198 1381 1251 veteri
1473 1214 1671 1269 nempe
1699 1198 1793 1251 lib.
1824 1198 1985 1263 XXI,
2012 1215 2127 1268 cap.
2160 1198 2227 1250 23
2251 1236 2268 1262 ‚
2300 1198 2395 1251 ubi
2428 1196 2497 1250 de

355 1276 679 1347 Carthagine
697 1276 998 1329 meminisse
1011 1278 1266 1330 Nostrum
1291 1296 1384 1331 vo·
1470 1276 1769 1330 Hannibale
1796 1294 1809 1329 τ
1854 1303 1876 1325 ι
1902 1278 2153 1349 Ilergetes
2178 1274 2337 1343 inde,
2370 1278 2495 1330 Bar·

355 1356 494 1420 lunt,
510 1374 670 1427 quam
695 1354 1002 1410 n'Anvrun
1015 1356 1180 1410 hodie
1199 1357 1382 1410 Cauta·
1467 1356 1773 1428 gusiosque‚
1807 1369 1860 1411 et
1891 1359 2213 1420 Ausetanos,
2248 1368 2302 1410 et
2328 1357 2494 1410 Lace-

355 1438 516 1505 vieja,
565 1436 619 1488 in
653 1436 822 1507 Reyno
868 1435 928 1486 de
968 1438 1178 1507 Aragon
1215 1437 1379 1493 leucis

354 1515 569 1569 circiter
589 1534 660 1568 xv
687 1534 717 1567 a
738 1515 893 1579 mari,
918 1534 1027 1569 esse
1053 1515 1209 1581 dicit,
1241 1516 1378 1571 Har·

353 1593 554 1649 duinus
575 1608 750 1649 autem
776 1595 914 1647 Villa
928 1596 1110 1663 franca
1132 1598 1194 1649 de
1212 1596 1380 1650 Pana·

353 1674 438 1727 des
452 1713 469 1739 ,
501 1676 557 1728 in
578 1674 866 1747 principado
890 1676 951 1727 de
973 1676 1239 1740 Catulario,
1263 1677 1378 1731 leu-

354 1755 432 1808 cis
452 1754 667 1808 duobus
697 1774 726 1807 a
767 1756 898 1807 mari
927 1774 1036 1807 esse
1063 1754 1375 1811 contendit:

353 1835 666 1887 Mamertus
713 1832 922 1888 tandem
963 1834 1107 1889 haud
1152 1837 1310 1907 longe
1346 1858 1376 1890 a

357 1915 536 1967 Lerida
559 1915 710 1967 sitam
742 1913 904 1967 fuisse
927 1915 1023 1980 ait3
1051 1914 1196 1969 unde
1216 1916 1376 1988 hujus

354 1995 501 2048 urbis
537 1994 772 2065 ignorari
800 1995 982 2047 locum
1011 1994 1374 2049 confitendum

353 2088 447 2126 est.
483 2076 634 2127 Hanc
669 2074 1042 2146 Carthaginem
1075 2087 1306 2129 veterem
1341 2096 1373 2131 a

351 2153 554 2219 Poenis,
581 2152 718 2206 duce
742 2154 1040 2207 Hamilcare
1056 2194 1072 2221 ‚
1098 2153 1368 2209 conditam

351 2232 510 2287 fuisse
533 2232 686 2287 addit
713 2232 1048 2301 lietduinus,
1070 2235 1246 2287 nescio
1264 2254 1368 2307 qua

349 2313 516 2366 fretus
535 2312 861 2367 auctoritate.
881 2314 1174 2367 Obscurior
1191 2327 1366 2368 autem

349 2392 562 2447 videtur
596 2394 731 2446 mihi
757 2394 914 2447 fuisse
940 2394 1053 2447 hoec
1073 2395 1367 2465 Carthago,

346 2492 508 2544 quam
551 2487 611 2526 ut
653 2475 742 2527 bic
774 2492 806 2526 a
842 2473 1036 2527 Nostro
1070 2476 1363 2529 Tarraconi

346 2566 670 2626 opponatur,
715 2554 810 2606 uni
858 2554 1000 2608 inter
1050 2554 1364 2610 clarissimas

345 2633 614 2706 Hispania
630 2633 822 2688 veteris
839 2635 997 2687 urbes
1012 2673 1029 2700 ‚
1055 2647 1214 2708 atque
1230 2654 1366 2707 quo*

343 2713 470 2766 dam
484 2712 647 2767 modo
663 2714 826 2768 totius
839 2715 1068 2784 regionis
1081 2715 1244 2787 capiti
1263 2717 1362 2768 sub

341 2795 615 2854 Romanis.
633 2789 759 2848 Non
779 2794 938 2848 aliam
959 2795 1128 2866 igitur
1149 2794 1365 2849 Cartha·

339 2874 516 2944 ginem
533 2874 622 2927 bic
638 2875 892 2927 Nostrum
912 2873 1204 2946 designasse
1225 2888 1361 2946 puto

341 2971 502 3024 quam
535 2955 910 3024 Carthaginem
940 2973 1135 3008 novam
1166 2955 1234 3007 ab
1265 2957 1360 3006 As-

341 3031 564 3087 drubale
575 3073 590 3100 ,
611 3034 885 3087 Amilcaris
900 3036 1218 3104 cognomine
1229 3035 1359 3087 Bar-

339 3132 416 3166 σω
443 3113 556 3166 filio
574 3153 590 3178 ‚
615 3112 912 3181 conditam,
947 3126 1000 3166 et
1039 3116 1199 3167 totius
1236 3115 1358 3168 His-

340 3193 544 3264 panioe,
576 3192 813 3266 quandiu
839 3195 938 3247 sub
961 3193 1248 3247 Poenorum
1272 3193 1356 3247 di-

337 3275 484 3326 tione
498 3275 946 3345 suit‚proecipuam
963 3275 1150 3326 urbem
1167 3292 1356 3346 :quem

335 3351 554 3426 quidem
591 3353 861 3424 dignitatis
903 3352 1125 3425 gradum
1164 3355 1356 3406 Tarra-

333 3433 459 3486 coni
479 3434 658 3496 cessit,
674 3434 928 3486 Romanis
945 3434 1352 3504 imperantibus·

333 3511 481 3579 Quid
503 3527 682 3567 autem
709 3511 778 3566 de
805 3514 904 3568 ista
930 3513 1252 3584 Carthagine
1277 3512 1358 3566 di-

335 3592 566 3646 xerimus
611 3590 736 3646 vide
787 3594 1028 3665 superius
1075 3612 1194 3664 pag.
1243 3593 1317 3657 34
1339 3631 1356 3658 ‚

333 3685 444 3726 not.
485 3691 506 3724 1
523 3673 575 3726 5.
615 3671 717 3725 En.

416 3751 509 3804 36.
529 3753 803 3822 Ilergetum·
823 3751 1114 3824 Regionem
1140 3771 1358 3806 omnem

333 3831 559 3885 tenuisse
581 3831 835 3886 videntur
849 3851 969 3903 qua
987 3828 1164 3904 a‘,Subi
1182 3851 1356 3900 amne,

331 3930 522 3983 quem,
563 3912 837 3984 superiore
885 3925 1010 3966 nota
1047 3915 1118 3966 33
1137 3953 1154 3980 ‚
1193 3911 1358 3966 hodie

331 3991 567 4044 ancoli
581 3993 758 4046 vocari
777 3991 1040 4057 diximus,
1067 3991 1135 4045 ad
1157 3993 1356 4046 Rubri·

330 4082 508 4124 catum
526 4111 542 4136 ,
565 4070 713 4143 quod
739 4071 937 4125 flumen
965 4071 1130 4128 hodie
1155 4071 1356 4124 Llobm-

329 4163 424 4220 gae
442 4149 548 4204 dici
571 4171 669 4205 nos
695 4151 883 4217 modo,
909 4153 1202 4228 insequenti
1227 4167 1354 4206 nota

335 4230 438 4301 39,
462 4231 677 4288 docebit
701 4231 1025 4288 Hsrduinus.
1053 4235 1134 4287 De
1157 4233 1351 4304 Ilerge-

1467 1435 1673 1489 taniam
1700 1475 1717 1502 ,
1770 1456 1889 1509 quae
1943 1438 2177 1508 subjecta
2224 1438 2493 1507 Pyrenaeis

1467 1516 1739 1569 montibus
1751 1529 1847 1581 est,
1860 1516 2089 1587 subegit;
2110 1544 2133 1564 ι
2155 1529 2208 1570 et
2218 1518 2313 1570 lib.
2326 1518 2464 1569 XXI
2474 1555 2493 1584 ‚

1467 1612 1583 1667 cap.
1609 1600 1676 1649 61
1699 1636 1715 1661 ,
1737 1597 1833 1650 ubi
1851 1597 2009 1668 hujus
2037 1597 2323 1669 Ilergetum
2355 1616 2485 1669 gen·

1467 1674 1534 1727 tis
1558 1688 1717 1746 caput
1742 1676 1903 1729 fuisse
1938 1695 2037 1728 nos
2064 1674 2225 1729 docet
2253 1678 2484 1731 Athana-

1463 1754 1616 1829 giam·
1630 1756 1819 1809 urbem
1835 1794 1853 1821 ‚
1884 1774 2002 1827 quae
2034 1756 2091 1809 in
2118 1754 2365 1811 Indibilis
2391 1755 2486 1809 de·

1464 1833 1695 1888 fectione
1745 1855 1777 1889 a
1828 1835 2078 1907 Scipione
2129 1837 2337 1890 obsessa
2388 1842 2487 1890 est:

1463 1913 1679 1967 Gruter-i
1698 1916 1943 1987 Inscript.
1958 1935 2077 1988 pag.
2098 1916 2129 1969 5
2143 1934 2164 1969 1
2176 1934 2209 1986 9
2224 1935 2481 1971 tomum.

1460 1994 1785 2049 Itanon-ras.
1830 1996 1934 2049 En.

1543 2072 1636 2144 37.
1685 2073 1861 2128 Subur.
1903 2077 2112 2147 Σοὺβουρ
2158 2076 2441 2129 Ptolemae
2464 2118 2480 2141 ,

1455 2152 1548 2207 lib.
1575 2154 1631 2205 11
1651 2193 1667 2220 ,
1707 2173 1821 2226 cap.
1842 2162 1895 2209 6.
1940 2156 2100 2209 Nunc
2146 2156 2283 2207 Villa
2312 2175 2435 2207 nova
2462 2197 2479 2221 ,

1454 2231 1523 2285 ad
1551 2252 1712 2287 mare.
1742 2236 1958 2289 Gruteri
1988 2235 2301 2307 Inscriptio,
2330 2238 2476 2307 juxta

1453 2314 1813 2368 Tarraconem
1837 2328 2018 2380 eruta,
2047 2334 2168 2387 pag.
2188 2321 2301 2379 414
2331 2336 2343 2366 :
2376 2316 2474 2369 Sv-

1455 2395 1935 2449 nvmnnnlhnn.

1541 2473 1635 2529 38.
1658 2464 2317 2546 Rubricatum-ffiousspixzroe
2345 2475 2473 2529 Pto·

1451 2553 1773 2622 lemaeo,loc.
1802 2556 1893 2610 cit.
1916 2554 2367 2626 hodieLlobregut.
2388 2557 2473 2610 Ab

1452 2634 1558 2688 hoc
1586 2653 1741 2689 amne
1762 2637 1836 2689 ait
1850 2639 1958 2708 jam
1984 2637 2261 2689 Laletanos
2288 2638 2472 2708 appel·

1451 2714 1550 2768 lari
1565 2714 1763 2769 incolas
1781 2735 1795 2768 τ
1812 2729 1863 2769 et
1888 2717 2159 2788 proximos
2176 2716 2241 2768 iis
2257 2713 2471 2782 deinde,

1452 2795 1546 2848 ubi
1567 2814 1712 2849 nunc
1737 2797 2005 2868 Emporias
2026 2809 2170 2860 sunt,
2188 2793 2471 2867 Indigetes,

1450 2893 1685 2946 quorum
1743 2876 1888 2948 regio
1934 2875 2201 2948 Pyrenaeae
2247 2876 2471 2930 Veneris

1449 2956 1823 3025 promontorio
1842 2954 2196 3008 clauderetur.
2210 2955 2299 3008 Sic
2312 2956 2467 3010 etiam

1448 3035 1759 3089 Ptolemaeus
1784 3036 1887 3089 loc.
1917 3035 2007 3089 cit.
2040 3036 2221 3088 Hau).

1530 3115 1620 3183 39.
1677 3116 1913 3168 Laletaui.
1960 3115 2049 3168 Sic
2093 3115 2219 3169 libri
2264 3133 2465 3169 omnes.

1447 3193 1586 3248 Hinc
1627 3195 1876 3248 Laletana
1930 3195 2055 3248 vina
2096 3193 2262 3265 magis
2316 3196 2472 3267 copia

1445 3291 1606 3344 quam
1631 3275 1867 3328 bonitate
1894 3273 2105 3328 laudata
2135 3273 2343 3341 Plinio,
2374 3275 2467 3329 lib.

1447 3354 1600 3419 XIV,
1609 3373 1725 3425 cap.
1741 3357 1794 3408 8.
1810 3353 2057 3408 Laletana
2074 3373 2219 3428 sapa,
2237 3354 2467 3408 Martiali

1443 3433 1538 3486 lib.
1555 3435 1685 3498 vn,
1698 3434 1866 3506 epigr.
1886 3435 1915 3488 5
1927 3455 1976 3487 a.
1996 3435 2211 3488 Gruteri
2222 3435 2467 3506 Inscript.

1444 3531 1564 3584 pag.
1581 3520 1689 3584 490
1703 3532 1717 3566 :
1732 3533 2032 3568 rnzrncro.
2058 3515 2210 3568 Οιιε.
2229 3515 2471 3568 Manu-1-

1445 3611 1614 3646 τηυξ.
1630 3595 1951 3649 Lusa-Ana.
1966 3594 2273 3660 Ptolemaeo,
2285 3595 2378 3647 lib.
2395 3597 2468 3659 11,

1443 3691 1558 3745 cap.
1579 3677 1632 3728 6.
1647 3675 1943 3739 Δαιητανοὶ,
1965 3674 2235 3740 Straboni,
2252 3674 2345 3728 lib.
2365 3675 2467 3739 111,

1443 3771 1564 3824 pag.
1593 3755 1722 3824 159,
1744 3757 2005 3810 Διητανοὶ.
2036 3756 2220 3807 Hmn.

1528 3839 1620 3897 4⁰·
1684 3833 1941 3915 Indigetes.
1990 3824 2252 3906 ὲνὸιγέται
2285 3833 2469 3888 Ptole-

1445 3931 1605 3980 maeo,
1653 3914 1758 3966 loc.
1790 3915 1880 3968 cit.
1910 3910 2166 3972 Ῑνὸικηταὶ
2191 3913 2467 3980 Straboni,

1443 3992 1538 4046 lib.
1566 3994 1650 4045 111
1666 4033 1681 4058 ,
1710 4013 1829 4066 pag.
1853 3997 1977 4071 1⁶60.
1995 3995 2174 4048 Ham).

1528 4081 1559 4136 4
1574 4093 1622 4126 1.
1647 4075 1769 4126 Post
1794 4095 1887 4128 eos.
1921 4077 2084 4128 Retro
2116 4091 2297 4125 versus
2315 4093 2467 4127 occa-

1447 4173 1560 4204 sum
1572 4155 1709 4208 Solis
1723 4155 1979 4220 aestivunn
1996 4153 2051 4206 in
2060 4151 2466 4211 mediterraneo.

1447 4233 1628 4286 Hsnn.
2063 4311 2105 4384 3
2130 4299 2153 4338 3
